<?xml version="1.0" encoding="UTF-8"?>
<!DOCTYPE html PUBLIC "-//W3C//DTD XHTML 1.0 Transitional//EN"
    "http://www.w3.org/TR/xhtml1/DTD/xhtml1-transitional.dtd">
<html xmlns="http://www.w3.org/1999/xhtml" xml:lang="en" lang="en">
 <head>
  <title>
</title>
<meta http-equiv="Content-Type" content="text/html;charset=utf-8" />
  <meta name='ocr-system' content='tesseract 3.04.00' />
  <meta name='ocr-capabilities' content='ocr_page ocr_carea ocr_par ocr_line ocrx_word'/>
</head>
<body>
  <div class='ocr_page' id='page_1' title='image "./titilucretiicar00carugoog_0252.png"; bbox 0 0 2984 3900; ppageno 0'>
   <div class='ocr_carea' id='block_1_1' title="bbox 389 546 940 626">
    <p class='ocr_par' dir='ltr' id='par_1_1' title="bbox 389 546 940 626">
     <span class='ocr_line' id='line_1_1' title="bbox 389 546 940 626; baseline -0.007 -12"><span class='ocrx_word' id='word_1_1' title='bbox 389 558 444 626; x_wconf 85' lang='lat'>198</span> <span class='ocrx_word' id='word_1_2' title='bbox 584 546 940 614; x_wconf 67' lang='lat' dir='ltr'>musculum</span> 
     </span>
    </p>
   </div>
   <div class='ocr_carea' id='block_1_2' title="bbox 383 646 1109 2200">
    <p class='ocr_par' dir='ltr' id='par_1_2' title="bbox 387 646 959 850">
     <span class='ocr_line' id='line_1_2' title="bbox 388 646 947 712; baseline -0.002 -9"><span class='ocrx_word' id='word_1_3' title='bbox 388 655 442 703; x_wconf 79' lang='lat' dir='ltr'>Nec</span> <span class='ocrx_word' id='word_1_4' title='bbox 451 647 564 700; x_wconf 85' lang='lat' dir='ltr'>novitate</span> <span class='ocrx_word' id='word_1_5' title='bbox 572 646 622 698; x_wconf 90' lang='lat' dir='ltr'>cibi</span> <span class='ocrx_word' id='word_1_6' title='bbox 632 665 692 708; x_wconf 91' lang='lat' dir='ltr'>,nec</span> <span class='ocrx_word' id='word_1_7' title='bbox 702 649 752 698; x_wconf 86' lang='lat' dir='ltr'>labi</span> <span class='ocrx_word' id='word_1_8' title='bbox 763 648 874 712; x_wconf 83' lang='lat' dir='ltr'>corporis</span> <span class='ocrx_word' id='word_1_9' title='bbox 884 650 947 702; x_wconf 82' lang='lat' dir='ltr'>ullai.</span> 
     </span>
     <span class='ocr_line' id='line_1_3' title="bbox 388 715 959 782; baseline -0.004 -12"><span class='ocrx_word' id='word_1_10' title='bbox 388 719 516 782; x_wconf 85' lang='lat' dir='ltr'>Multaque</span> <span class='ocrx_word' id='word_1_11' title='bbox 524 732 568 780; x_wconf 81' lang='lat' dir='ltr'>per</span> <span class='ocrx_word' id='word_1_12' title='bbox 578 717 665 767; x_wconf 83' lang='lat' dir='ltr'>coelum</span> <span class='ocrx_word' id='word_1_13' title='bbox 673 716 738 767; x_wconf 81' lang='lat' dir='ltr'>Solis</span> <span class='ocrx_word' id='word_1_14' title='bbox 748 715 876 766; x_wconf 82' lang='lat' dir='ltr'>volventia</span> <span class='ocrx_word' id='word_1_15' title='bbox 884 719 959 768; x_wconf 84' lang='lat' dir='ltr'>lustra</span> 
     </span>
     <span class='ocr_line' id='line_1_4' title="bbox 387 783 959 850; baseline 0.005 -14"><span class='ocrx_word' id='word_1_16' title='bbox 387 784 533 850; x_wconf 81' lang='lat' dir='ltr'>volgivago</span> <span class='ocrx_word' id='word_1_17' title='bbox 542 783 619 835; x_wconf 78' lang='lat' dir='ltr'>vitain</span> <span class='ocrx_word' id='word_1_18' title='bbox 627 785 759 836; x_wconf 69' lang='lat' dir='ltr'>tradabanr</span> <span class='ocrx_word' id='word_1_19' title='bbox 766 799 835 834; x_wconf 86' lang='lat' dir='ltr'>more</span> <span class='ocrx_word' id='word_1_20' title='bbox 843 787 959 839; x_wconf 74' lang='lat' dir='ltr'>ferarum·</span> 
     </span>
    </p>

    <p class='ocr_par' dir='ltr' id='par_1_3' title="bbox 388 850 954 984">
     <span class='ocr_line' id='line_1_5' title="bbox 388 850 937 903; baseline -0.002 0"><span class='ocrx_word' id='word_1_21' title='bbox 388 856 443 903; x_wconf 91' lang='lat' dir='ltr'>Nec</span> <span class='ocrx_word' id='word_1_22' title='bbox 454 851 564 902; x_wconf 79' lang='lat' dir='ltr'>robustus</span> <span class='ocrx_word' id='word_1_23' title='bbox 572 866 626 903; x_wconf 88' lang='lat' dir='ltr'>erat</span> <span class='ocrx_word' id='word_1_24' title='bbox 633 850 702 903; x_wconf 85' lang='lat' dir='ltr'>curvi</span> <span class='ocrx_word' id='word_1_25' title='bbox 710 852 854 902; x_wconf 83' lang='lat' dir='ltr'>moderator</span> <span class='ocrx_word' id='word_1_26' title='bbox 862 851 937 902; x_wconf 83' lang='lat' dir='ltr'>aratri</span> 
     </span>
     <span class='ocr_line' id='line_1_6' title="bbox 388 917 954 984; baseline 0.002 -16"><span class='ocrx_word' id='word_1_27' title='bbox 388 919 537 984; x_wconf 82' lang='lat' dir='ltr'><strong>Quisquam,</strong></span> <span class='ocrx_word' id='word_1_28' title='bbox 547 936 591 970; x_wconf 85' lang='lat' dir='ltr'>nec</span> <span class='ocrx_word' id='word_1_29' title='bbox 598 919 675 970; x_wconf 86' lang='lat' dir='ltr'>scibat</span> <span class='ocrx_word' id='word_1_30' title='bbox 683 923 749 969; x_wconf 86' lang='lat' dir='ltr'>ferro</span> <span class='ocrx_word' id='word_1_31' title='bbox 758 917 871 969; x_wconf 85' lang='lat' dir='ltr'>molirier</span> <span class='ocrx_word' id='word_1_32' title='bbox 878 936 954 978; x_wconf 83' lang='lat' dir='ltr'>arva,</span> 
     </span>
    </p>

    <p class='ocr_par' dir='ltr' id='par_1_4' title="bbox 387 985 1109 1449">
     <span class='ocr_line' id='line_1_7' title="bbox 388 985 1031 1049; baseline 0 -11"><span class='ocrx_word' id='word_1_33' title='bbox 388 990 443 1038; x_wconf 89' lang='lat' dir='ltr'>Nec</span> <span class='ocrx_word' id='word_1_34' title='bbox 452 1003 518 1038; x_wconf 87' lang='lat' dir='ltr'>nova</span> <span class='ocrx_word' id='word_1_35' title='bbox 527 987 645 1038; x_wconf 82' lang='lat' dir='ltr'>defodere</span> <span class='ocrx_word' id='word_1_36' title='bbox 653 987 678 1037; x_wconf 91' lang='lat' dir='ltr'>in</span> <span class='ocrx_word' id='word_1_37' title='bbox 687 1001 777 1036; x_wconf 86' lang='lat' dir='ltr'>terram</span> <span class='ocrx_word' id='word_1_38' title='bbox 784 985 908 1049; x_wconf 67' lang='lat' dir='ltr'>virgulta,</span> <span class='ocrx_word' id='word_1_39' title='bbox 918 985 1031 1038; x_wconf 74' lang='lat' dir='ltr'>neentis</span> 
     </span>
     <span class='ocr_line' id='line_1_8' title="bbox 387 1053 968 1106; baseline -0.002 -1"><span class='ocrx_word' id='word_1_40' title='bbox 387 1053 530 1105; x_wconf 79' lang='lat' dir='ltr'>Arboribus</span> <span class='ocrx_word' id='word_1_41' title='bbox 538 1070 635 1106; x_wconf 80' lang='lat' dir='ltr'>veteres</span> <span class='ocrx_word' id='word_1_42' title='bbox 645 1053 760 1105; x_wconf 84' lang='lat' dir='ltr'>decidere</span> <span class='ocrx_word' id='word_1_43' title='bbox 768 1053 869 1104; x_wconf 85' lang='lat' dir='ltr'>falcibu’</span> <span class='ocrx_word' id='word_1_44' title='bbox 876 1071 968 1105; x_wconf 81' lang='lat' dir='ltr'>ramos.</span> 
     </span>
     <span class='ocr_line' id='line_1_9' title="bbox 390 1117 1109 1188; baseline 0 -15"><span class='ocrx_word' id='word_1_45' title='bbox 390 1122 529 1185; x_wconf 81' lang='lat' dir='ltr'>QuodSol,</span> <span class='ocrx_word' id='word_1_46' title='bbox 537 1138 610 1188; x_wconf 78' lang='lat' dir='ltr'>atque</span> <span class='ocrx_word' id='word_1_47' title='bbox 621 1122 710 1173; x_wconf 84' lang='lat' dir='ltr'>imbres</span> <span class='ocrx_word' id='word_1_48' title='bbox 720 1122 850 1180; x_wconf 87' lang='lat' dir='ltr'>dederant,</span> <span class='ocrx_word' id='word_1_49' title='bbox 862 1117 1109 1187; x_wconf 71' lang='lat' dir='ltr'>quodterracreirar</span> 
     </span>
     <span class='ocr_line' id='line_1_10' title="bbox 388 1187 982 1254; baseline -0.005 -13"><span class='ocrx_word' id='word_1_50' title='bbox 388 1195 481 1254; x_wconf 77' lang='lat' dir='ltr'>Sponte</span> <span class='ocrx_word' id='word_1_51' title='bbox 489 1187 541 1248; x_wconf 73' lang='lat' dir='ltr'>sni,</span> <span class='ocrx_word' id='word_1_52' title='bbox 551 1189 609 1240; x_wconf 81' lang='lat' dir='ltr'>satis</span> <span class='ocrx_word' id='word_1_53' title='bbox 615 1189 641 1240; x_wconf 94' lang='lat' dir='ltr'>id</span> <span class='ocrx_word' id='word_1_54' title='bbox 651 1189 764 1254; x_wconf 81' lang='lat' dir='ltr'>placabat</span> <span class='ocrx_word' id='word_1_55' title='bbox 770 1192 868 1253; x_wconf 67' lang='lat' dir='ltr'>pociora</span> <span class='ocrx_word' id='word_1_56' title='bbox 876 1190 982 1240; x_wconf 84' lang='lat' dir='ltr'>donum:</span> 
     </span>
     <span class='ocr_line' id='line_1_11' title="bbox 390 1256 968 1320; baseline -0.002 -12"><span class='ocrx_word' id='word_1_57' title='bbox 390 1256 547 1308; x_wconf 80' lang='lat' dir='ltr'>Glandiferas</span> <span class='ocrx_word' id='word_1_58' title='bbox 556 1257 620 1308; x_wconf 89' lang='lat' dir='ltr'>inter</span> <span class='ocrx_word' id='word_1_59' title='bbox 627 1256 744 1308; x_wconf 82' lang='lat' dir='ltr'>curabant</span> <span class='ocrx_word' id='word_1_60' title='bbox 752 1271 858 1320; x_wconf 85' lang='lat' dir='ltr'>corpora</span> <span class='ocrx_word' id='word_1_61' title='bbox 865 1272 968 1320; x_wconf 80' lang='lat' dir='ltr'>quercus</span> 
     </span>
     <span class='ocr_line' id='line_1_12' title="bbox 389 1321 1057 1390; baseline 0.001 -15"><span class='ocrx_word' id='word_1_62' title='bbox 389 1325 489 1376; x_wconf 87' lang='lat' dir='ltr'>Plerum</span> <span class='ocrx_word' id='word_1_63' title='bbox 507 1329 710 1390; x_wconf 76' lang='lat' dir='ltr'>ue;&amp;qunnunc</span> <span class='ocrx_word' id='word_1_64' title='bbox 718 1323 828 1390; x_wconf 82' lang='lat' dir='ltr'>hyberno</span> <span class='ocrx_word' id='word_1_65' title='bbox 836 1339 949 1389; x_wconf 83' lang='lat' dir='ltr'>tempore</span> <span class='ocrx_word' id='word_1_66' title='bbox 956 1321 1039 1376; x_wconf 69' lang='lat' dir='ltr'>cerni·</span> <span class='ocrx_word' id='word_1_67' title='bbox 1055 1361 1057 1365; x_wconf 91' lang='lat'>-</span> 
     </span>
     <span class='ocr_line' id='line_1_13' title="bbox 389 1343 878 1449; baseline -0.004 -6"><span class='ocrx_word' id='word_1_68' title='bbox 389 1343 669 1443; x_wconf 54' lang='lat' dir='ltr'>Arbutadoeniceofieri</span> <span class='ocrx_word' id='word_1_69' title='bbox 677 1391 878 1449; x_wconf 84' lang='lat' dir='ltr'>maturacolore‚</span> 
     </span>
    </p>

    <p class='ocr_par' dir='ltr' id='par_1_5' title="bbox 389 1457 1003 1724">
     <span class='ocr_line' id='line_1_14' title="bbox 389 1457 952 1518; baseline 0.002 -9"><span class='ocrx_word' id='word_1_70' title='bbox 389 1459 500 1509; x_wconf 86' lang='lat' dir='ltr'>Plurima</span> <span class='ocrx_word' id='word_1_71' title='bbox 508 1474 560 1509; x_wconf 90' lang='lat' dir='ltr'>turn</span> <span class='ocrx_word' id='word_1_72' title='bbox 569 1460 654 1510; x_wconf 81' lang='lat' dir='ltr'>Tellus</span> <span class='ocrx_word' id='word_1_73' title='bbox 662 1457 737 1510; x_wconf 87' lang='lat' dir='ltr'>etiam</span> <span class='ocrx_word' id='word_1_74' title='bbox 746 1459 952 1518; x_wconf 80' lang='lat' dir='ltr'>maioraferebatt</span> 
     </span>
     <span class='ocr_line' id='line_1_15' title="bbox 390 1524 1003 1591; baseline -0.003 -14"><span class='ocrx_word' id='word_1_75' title='bbox 390 1526 518 1591; x_wconf 90' lang='lat' dir='ltr'>Multaque</span> <span class='ocrx_word' id='word_1_76' title='bbox 526 1541 641 1590; x_wconf 76' lang='lat' dir='ltr'>praterea</span> <span class='ocrx_word' id='word_1_77' title='bbox 648 1525 748 1576; x_wconf 80' lang='lat' dir='ltr'>novitas</span> <span class='ocrx_word' id='word_1_78' title='bbox 756 1540 808 1575; x_wconf 84' lang='lat' dir='ltr'>tum</span> <span class='ocrx_word' id='word_1_79' title='bbox 816 1524 1003 1577; x_wconf 85' lang='lat' dir='ltr'>floridaMundi</span> 
     </span>
     <span class='ocr_line' id='line_1_16' title="bbox 391 1591 972 1659; baseline 0.003 -16"><span class='ocrx_word' id='word_1_80' title='bbox 391 1593 484 1644; x_wconf 79' lang='lat' dir='ltr'>Pabula</span> <span class='ocrx_word' id='word_1_81' title='bbox 493 1593 534 1643; x_wconf 86' lang='lat' dir='ltr'>dia</span> <span class='ocrx_word' id='word_1_82' title='bbox 542 1594 601 1645; x_wconf 88' lang='lat' dir='ltr'>tulit</span> <span class='ocrx_word' id='word_1_83' title='bbox 609 1630 617 1652; x_wconf 92' lang='lat'>‚</span> <span class='ocrx_word' id='word_1_84' title='bbox 626 1594 720 1644; x_wconf 81' lang='lat' dir='ltr'>miserie</span> <span class='ocrx_word' id='word_1_85' title='bbox 726 1591 872 1643; x_wconf 83' lang='lat' dir='ltr'>mortalibus</span> <span class='ocrx_word' id='word_1_86' title='bbox 882 1593 972 1659; x_wconf 82' lang='lat' dir='ltr'>ampla.</span> 
     </span>
     <span class='ocr_line' id='line_1_17' title="bbox 389 1660 945 1724; baseline 0.002 -13"><span class='ocrx_word' id='word_1_87' title='bbox 389 1662 518 1711; x_wconf 79' lang='lat' dir='ltr'>Arsedare</span> <span class='ocrx_word' id='word_1_88' title='bbox 525 1660 665 1713; x_wconf 78' lang='lat' dir='ltr'>fitimfluvii</span> <span class='ocrx_word' id='word_1_89' title='bbox 674 1662 800 1724; x_wconf 87' lang='lat' dir='ltr'>fontesque</span> <span class='ocrx_word' id='word_1_90' title='bbox 808 1661 945 1718; x_wconf 83' lang='lat' dir='ltr'>vocabunt,</span> 
     </span>
    </p>

    <p class='ocr_par' dir='ltr' id='par_1_6' title="bbox 383 1727 991 2131">
     <span class='ocr_line' id='line_1_18' title="bbox 390 1727 955 1795; baseline 0.004 -18"><span class='ocrx_word' id='word_1_91' title='bbox 390 1731 425 1778; x_wconf 82' lang='lat' dir='ltr'>Ut</span> <span class='ocrx_word' id='word_1_92' title='bbox 433 1745 495 1779; x_wconf 88' lang='lat' dir='ltr'>nunc</span> <span class='ocrx_word' id='word_1_93' title='bbox 504 1729 628 1779; x_wconf 86' lang='lat' dir='ltr'>montibus</span> <span class='ocrx_word' id='word_1_94' title='bbox 635 1731 649 1779; x_wconf 83' lang='grc' dir='ltr'>ὲ</span> <span class='ocrx_word' id='word_1_95' title='bbox 656 1727 751 1795; x_wconf 83' lang='lat' dir='ltr'>magnis</span> <span class='ocrx_word' id='word_1_96' title='bbox 760 1729 872 1794; x_wconf 74' lang='lat' dir='ltr'>decursus</span> <span class='ocrx_word' id='word_1_97' title='bbox 882 1728 955 1794; x_wconf 83' lang='lat' dir='ltr'>aqua&#39;r&#39;</span> 
     </span>
     <span class='ocr_line' id='line_1_19' title="bbox 392 1794 890 1847; baseline -0.002 -1"><span class='ocrx_word' id='word_1_98' title='bbox 392 1796 523 1847; x_wconf 85' lang='lat' dir='ltr'>Claricitat</span> <span class='ocrx_word' id='word_1_99' title='bbox 530 1797 581 1847; x_wconf 72' lang='lat' dir='ltr'>late</span> <span class='ocrx_word' id='word_1_100' title='bbox 588 1795 693 1846; x_wconf 77' lang='lat' dir='ltr'>sitientia</span> <span class='ocrx_word' id='word_1_101' title='bbox 701 1794 769 1845; x_wconf 75' lang='lat' dir='ltr'>sraela</span> <span class='ocrx_word' id='word_1_102' title='bbox 776 1798 890 1845; x_wconf 85' lang='lat' dir='ltr'>ferarum.</span> 
     </span>
     <span class='ocr_line' id='line_1_20' title="bbox 383 1861 980 1929; baseline -0.002 -18"><span class='ocrx_word' id='word_1_103' title='bbox 383 1861 980 1929; x_wconf 69' lang='lat' dir='ltr'>&#39;Deniquenodlivagifilvestriaternplatenebant</span> 
     </span>
     <span class='ocr_line' id='line_1_21' title="bbox 389 1928 989 1997; baseline -0.007 -15"><span class='ocrx_word' id='word_1_104' title='bbox 389 1931 576 1997; x_wconf 87' lang='lat' dir='ltr'>Nympharum,</span> <span class='ocrx_word' id='word_1_105' title='bbox 585 1930 672 1995; x_wconf 81' lang='lat' dir='ltr'>quibus</span> <span class='ocrx_word' id='word_1_106' title='bbox 681 1928 778 1981; x_wconf 81' lang='lat' dir='ltr'>exibant</span> <span class='ocrx_word' id='word_1_107' title='bbox 787 1929 888 1980; x_wconf 86' lang='lat' dir='ltr'>humore</span> <span class='ocrx_word' id='word_1_108' title='bbox 896 1928 989 1980; x_wconf 77' lang='lat' dir='ltr'>fluenta</span> 
     </span>
     <span class='ocr_line' id='line_1_22' title="bbox 390 1997 991 2064; baseline -0.007 -15"><span class='ocrx_word' id='word_1_109' title='bbox 390 1999 494 2050; x_wconf 83' lang='lat' dir='ltr'>Lubrica</span> <span class='ocrx_word' id='word_1_110' title='bbox 503 2038 511 2058; x_wconf 92' lang='lat'><em>,</em></span> <span class='ocrx_word' id='word_1_111' title='bbox 522 1999 636 2063; x_wconf 82' lang='lat' dir='ltr'>proluvie</span> <span class='ocrx_word' id='word_1_112' title='bbox 644 1998 715 2064; x_wconf 74' lang='lat' dir='ltr'>largi</span> <span class='ocrx_word' id='word_1_113' title='bbox 723 1999 806 2049; x_wconf 84' lang='lat' dir='ltr'>lavere</span> <span class='ocrx_word' id='word_1_114' title='bbox 815 1997 991 2053; x_wconf 83' lang='lat' dir='ltr'>humidasaxa,</span> 
     </span>
     <span class='ocr_line' id='line_1_23' title="bbox 389 2063 958 2131; baseline -0.009 -13"><span class='ocrx_word' id='word_1_115' title='bbox 389 2067 501 2119; x_wconf 85' lang='lat' dir='ltr'>Humida</span> <span class='ocrx_word' id='word_1_116' title='bbox 511 2069 639 2131; x_wconf 81' lang='lat' dir='ltr'>saxasuper</span> <span class='ocrx_word' id='word_1_117' title='bbox 646 2063 722 2118; x_wconf 73' lang='lat' dir='ltr'>viridi</span> <span class='ocrx_word' id='word_1_118' title='bbox 732 2064 848 2118; x_wconf 87' lang='lat' dir='ltr'>stillantia</span> <span class='ocrx_word' id='word_1_119' title='bbox 855 2068 937 2117; x_wconf 83' lang='lat' dir='ltr'>musco</span> <span class='ocrx_word' id='word_1_120' title='bbox 947 2099 958 2121; x_wconf 64' lang='lat'>2</span> 
     </span>
    </p>

    <p class='ocr_par' dir='ltr' id='par_1_7' title="bbox 390 2134 1043 2200">
     <span class='ocr_line' id='line_1_24' title="bbox 390 2134 1043 2200; baseline -0.003 -14"><span class='ocrx_word' id='word_1_121' title='bbox 390 2137 423 2186; x_wconf 80' lang='lat' dir='ltr'>Et</span> <span class='ocrx_word' id='word_1_122' title='bbox 429 2134 520 2200; x_wconf 87' lang='lat' dir='ltr'>partim</span> <span class='ocrx_word' id='word_1_123' title='bbox 530 2136 604 2200; x_wconf 84' lang='lat' dir='ltr'>plano</span> <span class='ocrx_word' id='word_1_124' title='bbox 611 2137 703 2185; x_wconf 82' lang='lat' dir='ltr'>scatere</span> <span class='ocrx_word' id='word_1_125' title='bbox 710 2170 718 2192; x_wconf 91' lang='lat'><em>,</em></span> <span class='ocrx_word' id='word_1_126' title='bbox 726 2148 800 2200; x_wconf 85' lang='lat' dir='ltr'>atque</span> <span class='ocrx_word' id='word_1_127' title='bbox 809 2148 935 2198; x_wconf 74' lang='lat' dir='ltr'>erumpere</span> <span class='ocrx_word' id='word_1_128' title='bbox 944 2146 1043 2197; x_wconf 80' lang='lat' dir='ltr'>eampo·</span> 
     </span>
    </p>
   </div>
   <div class='ocr_carea' id='block_1_3' title="bbox 391 2283 1104 3034">
    <p class='ocr_par' dir='ltr' id='par_1_8' title="bbox 391 2283 1104 3034">
     <span class='ocr_line' id='line_1_25' title="bbox 424 2283 973 2354; baseline 0.004 -19"><span class='ocrx_word' id='word_1_129' title='bbox 424 2286 538 2337; x_wconf 79' lang='lat' dir='ltr'>Necdum</span> <span class='ocrx_word' id='word_1_130' title='bbox 545 2304 583 2336; x_wconf 86' lang='lat' dir='ltr'>res</span> <span class='ocrx_word' id='word_1_131' title='bbox 594 2286 646 2354; x_wconf 85' lang='lat' dir='ltr'>igni</span> <span class='ocrx_word' id='word_1_132' title='bbox 654 2286 748 2339; x_wconf 87' lang='lat' dir='ltr'>scibant</span> <span class='ocrx_word' id='word_1_133' title='bbox 756 2292 872 2345; x_wconf 71' lang='lat' dir='ltr'>tradate,</span> <span class='ocrx_word' id='word_1_134' title='bbox 882 2302 926 2336; x_wconf 88' lang='lat' dir='ltr'>nec</span> <span class='ocrx_word' id='word_1_135' title='bbox 935 2283 973 2337; x_wconf 85' lang='lat' dir='ltr'>uti</span> 
     </span>
     <span class='ocr_line' id='line_1_26' title="bbox 391 2353 962 2419; baseline -0.004 -14"><span class='ocrx_word' id='word_1_136' title='bbox 391 2353 517 2412; x_wconf 87' lang='lat' dir='ltr'>Pellibus,</span> <span class='ocrx_word' id='word_1_137' title='bbox 527 2354 642 2418; x_wconf 82' lang='lat' dir='ltr'>&amp;spoliis</span> <span class='ocrx_word' id='word_1_138' title='bbox 649 2373 737 2419; x_wconf 84' lang='lat' dir='ltr'>corpus</span> <span class='ocrx_word' id='word_1_139' title='bbox 745 2355 834 2407; x_wconf 85' lang='lat' dir='ltr'>vestire</span> <span class='ocrx_word' id='word_1_140' title='bbox 840 2359 945 2407; x_wconf 88' lang='lat' dir='ltr'>ferarum</span> <span class='ocrx_word' id='word_1_141' title='bbox 955 2371 962 2404; x_wconf 73' lang='grc' dir='ltr'>ι</span> 
     </span>
     <span class='ocr_line' id='line_1_27' title="bbox 392 2419 1104 2487; baseline -0.001 -15"><span class='ocrx_word' id='word_1_142' title='bbox 392 2423 438 2472; x_wconf 83' lang='lat' dir='ltr'>Sed</span> <span class='ocrx_word' id='word_1_143' title='bbox 448 2439 561 2479; x_wconf 80' lang='lat' dir='ltr'>nemora,</span> <span class='ocrx_word' id='word_1_144' title='bbox 572 2437 643 2487; x_wconf 85' lang='lat' dir='ltr'>atque</span> <span class='ocrx_word' id='word_1_145' title='bbox 653 2440 726 2472; x_wconf 85' lang='lat' dir='ltr'>cavos</span> <span class='ocrx_word' id='word_1_146' title='bbox 735 2439 833 2473; x_wconf 76' lang='lat' dir='ltr'>montes</span> <span class='ocrx_word' id='word_1_147' title='bbox 840 2459 847 2479; x_wconf 90' lang='lat'>‚</span> <span class='ocrx_word' id='word_1_148' title='bbox 855 2423 971 2486; x_wconf 75' lang='lat' dir='ltr'>silvasque</span> <span class='ocrx_word' id='word_1_149' title='bbox 978 2419 1104 2481; x_wconf 79' lang='lat' dir='ltr'>colebant,</span> 
     </span>
     <span class='ocr_line' id='line_1_28' title="bbox 391 2488 996 2556; baseline -0.007 -15"><span class='ocrx_word' id='word_1_150' title='bbox 391 2493 424 2541; x_wconf 81' lang='lat' dir='ltr'>Et</span> <span class='ocrx_word' id='word_1_151' title='bbox 431 2489 530 2541; x_wconf 82' lang='lat' dir='ltr'>frutices</span> <span class='ocrx_word' id='word_1_152' title='bbox 539 2489 602 2539; x_wconf 88' lang='lat' dir='ltr'>inter</span> <span class='ocrx_word' id='word_1_153' title='bbox 610 2490 748 2540; x_wconf 87' lang='lat' dir='ltr'>condebant</span> <span class='ocrx_word' id='word_1_154' title='bbox 756 2488 865 2556; x_wconf 87' lang='lat' dir='ltr'>squalida</span> <span class='ocrx_word' id='word_1_155' title='bbox 872 2489 996 2548; x_wconf 81' lang='lat' dir='ltr'>membra,</span> 
     </span>
     <span class='ocr_line' id='line_1_29' title="bbox 391 2555 965 2623; baseline 0.002 -17"><span class='ocrx_word' id='word_1_156' title='bbox 391 2558 500 2607; x_wconf 87' lang='lat' dir='ltr'>Verbera</span> <span class='ocrx_word' id='word_1_157' title='bbox 509 2572 639 2609; x_wconf 87' lang='lat' dir='ltr'>ventorum</span> <span class='ocrx_word' id='word_1_158' title='bbox 647 2555 725 2608; x_wconf 84' lang='lat' dir='ltr'>&#39;vitare</span> <span class='ocrx_word' id='word_1_159' title='bbox 733 2556 869 2623; x_wconf 84' lang='lat' dir='ltr'>imbresque</span> <span class='ocrx_word' id='word_1_160' title='bbox 877 2555 965 2607; x_wconf 69' lang='lat' dir='ltr'>coaeli.</span> 
     </span>
     <span class='ocr_line' id='line_1_30' title="bbox 391 2622 1064 2689; baseline -0.003 -13"><span class='ocrx_word' id='word_1_161' title='bbox 391 2626 446 2676; x_wconf 90' lang='lat' dir='ltr'>Nec</span> <span class='ocrx_word' id='word_1_162' title='bbox 457 2641 585 2675; x_wconf 85' lang='lat' dir='ltr'>commune</span> <span class='ocrx_word' id='word_1_163' title='bbox 593 2626 806 2689; x_wconf 84' lang='lat' dir='ltr'>bonnmpoteranr</span> <span class='ocrx_word' id='word_1_164' title='bbox 816 2629 933 2689; x_wconf 72' lang='lat' dir='ltr'>spedare,</span> <span class='ocrx_word' id='word_1_165' title='bbox 947 2638 991 2673; x_wconf 87' lang='lat' dir='ltr'>uec</span> <span class='ocrx_word' id='word_1_166' title='bbox 1002 2622 1064 2675; x_wconf 76' lang='lat' dir='ltr'>ullio</span> 
     </span>
     <span class='ocr_line' id='line_1_31' title="bbox 391 2689 941 2759; baseline -0.002 -17"><span class='ocrx_word' id='word_1_167' title='bbox 391 2691 505 2742; x_wconf 87' lang='lat' dir='ltr'>Moribus</span> <span class='ocrx_word' id='word_1_168' title='bbox 514 2692 578 2741; x_wconf 86' lang='lat' dir='ltr'>inter</span> <span class='ocrx_word' id='word_1_169' title='bbox 586 2694 610 2741; x_wconf 85' lang='lat' dir='ltr'>se</span> <span class='ocrx_word' id='word_1_170' title='bbox 619 2692 726 2751; x_wconf 85' lang='lat' dir='ltr'>scibant,</span> <span class='ocrx_word' id='word_1_171' title='bbox 736 2708 781 2743; x_wconf 86' lang='lat' dir='ltr'>nec</span> <span class='ocrx_word' id='word_1_172' title='bbox 791 2693 886 2759; x_wconf 82' lang='lat' dir='ltr'>legibus</span> <span class='ocrx_word' id='word_1_173' title='bbox 894 2689 941 2742; x_wconf 83' lang='lat' dir='ltr'>uri.</span> 
     </span>
     <span class='ocr_line' id='line_1_32' title="bbox 393 2758 1020 2824; baseline 0.002 -15"><span class='ocrx_word' id='word_1_174' title='bbox 393 2760 470 2819; x_wconf 88' lang='lat' dir='ltr'>Quod</span> <span class='ocrx_word' id='word_1_175' title='bbox 480 2758 566 2824; x_wconf 86' lang='lat' dir='ltr'>cuique</span> <span class='ocrx_word' id='word_1_176' title='bbox 576 2760 700 2811; x_wconf 86' lang='lat' dir='ltr'>obtulerat</span> <span class='ocrx_word' id='word_1_177' title='bbox 708 2762 793 2824; x_wconf 72' lang='lat' dir='ltr'>preda</span> <span class='ocrx_word' id='word_1_178' title='bbox 800 2765 913 2818; x_wconf 83' lang='lat' dir='ltr'>fortuna,</span> <span class='ocrx_word' id='word_1_179' title='bbox 924 2758 1020 2810; x_wconf 86' lang='lat' dir='ltr'>ferebat</span> 
     </span>
     <span class='ocr_line' id='line_1_33' title="bbox 392 2826 1031 2892; baseline 0.005 -16"><span class='ocrx_word' id='word_1_180' title='bbox 392 2830 485 2888; x_wconf 83' lang='lat' dir='ltr'>Sponte</span> <span class='ocrx_word' id='word_1_181' title='bbox 492 2826 546 2884; x_wconf 73' lang='lat' dir='ltr'>sui,</span> <span class='ocrx_word' id='word_1_182' title='bbox 556 2826 600 2878; x_wconf 85' lang='lat' dir='ltr'>fibi</span> <span class='ocrx_word' id='word_1_183' title='bbox 609 2826 708 2892; x_wconf 87' lang='lat' dir='ltr'>quisque</span> <span class='ocrx_word' id='word_1_184' title='bbox 717 2829 799 2878; x_wconf 84' lang='lat' dir='ltr'>valere</span> <span class='ocrx_word' id='word_1_185' title='bbox 808 2832 830 2878; x_wconf 79' lang='lat' dir='ltr'>dc</span> <span class='ocrx_word' id='word_1_186' title='bbox 840 2827 924 2878; x_wconf 81' lang='lat' dir='ltr'>vivere</span> <span class='ocrx_word' id='word_1_187' title='bbox 933 2827 1031 2879; x_wconf 72' lang='lat' dir='ltr'>dodina·</span> 
     </span>
     <span class='ocr_line' id='line_1_34' title="bbox 392 2894 1002 2959; baseline -0.002 -15"><span class='ocrx_word' id='word_1_188' title='bbox 392 2896 515 2945; x_wconf 82' lang='lat' dir='ltr'>EtVenus</span> <span class='ocrx_word' id='word_1_189' title='bbox 523 2894 743 2959; x_wconf 83' lang='lat' dir='ltr'>infilvisjungebat</span> <span class='ocrx_word' id='word_1_190' title='bbox 752 2910 856 2959; x_wconf 87' lang='lat' dir='ltr'>corpora</span> <span class='ocrx_word' id='word_1_191' title='bbox 863 2909 1002 2945; x_wconf 81' lang='lat' dir='ltr'>amantum:</span> 
     </span>
     <span class='ocr_line' id='line_1_35' title="bbox 395 2959 1017 3034; baseline 0.006 -22"><span class='ocrx_word' id='word_1_192' title='bbox 395 2961 551 3015; x_wconf 83' lang='lat' dir='ltr'>Conciliabat</span> <span class='ocrx_word' id='word_1_193' title='bbox 561 2961 626 3015; x_wconf 85' lang='lat' dir='ltr'>enim</span> <span class='ocrx_word' id='word_1_194' title='bbox 637 2963 770 3018; x_wconf 84' lang='lat' dir='ltr'>velnutua</span> <span class='ocrx_word' id='word_1_195' title='bbox 779 2978 896 3032; x_wconf 79' lang='lat' dir='ltr'>quamque</span> <span class='ocrx_word' id='word_1_196' title='bbox 905 2959 1017 3034; x_wconf 55' lang='lat' dir='ltr'>nupidQ</span> 
     </span>
    </p>
   </div>
   <div class='ocr_carea' id='block_1_4' title="bbox 0 0 1497 3900">
    <p class='ocr_par' dir='ltr' id='par_1_9' title="bbox 0 0 1497 3900">
     <span class='ocr_line' id='line_1_36' title="bbox 0 0 1497 3900; baseline 0 0"><span class='ocrx_word' id='word_1_197' title='bbox 0 0 1497 3900; x_wconf 95' lang='lat' dir='ltr'> </span> 
     </span>
    </p>
   </div>
  </div>
 </body>
</html>
