2984 3900
403 593 437 638 ιι
594 567 980 638 T.LUCRETll'

403 689 443 739 De
452 688 547 741 Summd
556 703 653 752 return,
668 696 691 742 dr
699 689 788 744 nostris
797 690 910 743 diffidere
920 689 1008 752 uiniae

400 758 563 825 ¹Quapropter
571 759 642 810 locus
651 759 685 810 est
692 759 810 818 intactus,
823 765 913 816 Inane,
925 760 1071 826 vacansque&
1086 790 1092 801 ·

437 891 512 952 Quod
525 893 602 943 finon
612 890 686 952 effer,
698 891 767 944 nulli
776 890 872 943 ratione
883 889 981 942 moveri

400 955 453 1006 Res
461 957 556 1020 pollent
564 975 679 1025 :namque
688 958 814 1017 officiunt,
825 959 894 1024 quod
904 956 1019 1022 corporis
1028 971 1104 1017 estur

401 1021 530 1085 Officere,
546 1042 616 1092 atque
626 1027 734 1086 obstare,
743 1025 771 1076 id
780 1025 807 1075 in
816 1023 883 1076 omni
899 1039 1012 1088 ternpore
1021 1023 1104 1076 adesset

400 1089 538 1142 Omnibus:
548 1092 612 1143 haud
622 1092 698 1158 igitur
709 1092 838 1170 quidquam
849 1093 985 1156 procedere
997 1089 1089 1156 posset,

399 1155 551 1222 Principium
561 1159 675 1225 quoniam
684 1160 787 1210 cedendi
798 1159 865 1208 nulla
875 1159 944 1208 daret
953 1174 1002 1209 rer.
1067 1194 1072 1201 -

398 1225 439 1274 At
447 1240 509 1275 nune
519 1242 563 1290 per
576 1225 667 1286 maria,
683 1243 709 1276 ac
720 1241 810 1284 terrae,
821 1223 970 1289 sublimaque
979 1223 1051 1284 celi,
1123 1250 1126 1255 ·

311 1279 316 1320 Ϊ
398 1291 480 1342 Multa
490 1291 572 1342 modis
580 1293 665 1343 multis
674 1291 847 1345 euidentione
855 1289 951 1341 moveri

398 1357 528 1410 Cernimus
537 1375 593 1411 ante
606 1361 708 1411 oeulos:
718 1375 768 1425 que
776 1362 785 1417 ,'
794 1360 811 1409 fi
820 1375 871 1408 non
881 1357 940 1408 effer
948 1362 1038 1419 Inane,

397 1425 457 1474 Non
467 1440 517 1476 tam
527 1426 637 1477 sollicito
652 1427 721 1478 motu
729 1424 825 1489 privata
834 1439 960 1482 carerent,
1064 1442 1067 1451 “

397 1493 479 1552 Quem
488 1491 572 1559 genite
580 1491 760 1545 omnino-nulli
770 1492 865 1543 ratione
872 1490 985 1542 firiffente
1010 1533 1014 1539 .

396 1557 507 1626 Undique
517 1561 630 1614 materies
640 1559 755 1628 quoniam
765 1559 851 1624 stipata
861 1557 986 1627 quieffet..
1073 1621 1083 1629 ,

429 1691 549 1745 Praetetea
557 1693 667 1760 quamvis
676 1693 721 1745 soli
724 1694 759 1744 dae
769 1709 807 1744 res
817 1692 863 1744 ess'e
871 1704 1006 1759 putentur,

394 1757 462 1810 ilinc
471 1777 553 1813 tamen
562 1761 608 1812 else
615 1762 678 1812 lieet
686 1779 741 1812 raro
751 1778 806 1812 curn
817 1777 922 1825 corpore
931 1775 1034 1812 cernue

393 1827 509 1887 insanis,
524 1846 551 1878 ac
564 1826 685 1893 speluncis
697 1843 823 1894 permanat
830 1844 945 1892 aquarum

392 1892 511 1960 Liquidur
520 1896 623 1955 humor,
634 1895 779 1947 &uberibus
788 1894 943 1946 flentomnia
956 1893 1052 1961 guttirt

392 1960 507 2027 Difsupat
514 1962 541 2013 in
549 1976 639 2027 eorpus
647 1966 695 2014 sese
704 1963 772 2014 cibus
782 1978 855 2013 omne
865 1962 1030 2013 animantume
1075 1996 1077 2000 -

393 2031 513 2079 crescunt
522 2029 741 2089 arbustaufoerm
750 2030 777 2081 in
786 2045 898 2092 tempore
910 2030 1031 2091 fundunt,
1106 2063 1109 2068 -

391 2096 469 2157 Quod
480 2094 588 2147 cibusin
599 2109 666 2148 totas
678 2100 751 2162 usque
765 2093 795 2149 ab
807 2096 931 2147 radicibus
940 2094 997 2146 imis
1063 2123 1065 2128 ·

390 2162 439 2212 Per
447 2178 563 2223 truncos,
573 2181 603 2215 ac
612 2181 656 2231 per
665 2180 745 2214 ramos
759 2162 904 2214 diffunditur
913 2176 1013 2213 ornnese

389 2232 458 2281 Inter
467 2231 533 2293 septa
543 2246 625 2281 rneant
633 2248 725 2291 voees,
737 2234 760 2281 dr
769 2231 849 2280 clausa
858 2231 991 2282 domorum
1016 2234 1019 2239 '

389 2298 588 2348 Transvolitant:
599 2297 707 2364 rigidum
715 2312 841 2363 permanat
850 2296 928 2363 frigus
936 2298 967 2348 ad
977 2295 1036 2348 ossa.
1082 2347 1086 2360 ,

391 2365 484 2425 Quod,
498 2364 541 2416 nisu
551 2365 633 2415 Inania
642 2368 703 2423 lint,
720 2366 766 2430 qul
782 2362 877 2429 possent
889 2380 995 2431 corpora
1003 2371 1094 2430 queque

390 2432 516 2492 Treoua,
530 2432 593 2484 baud
602 2432 653 2484 ulli
663 2431 715 2483 fieri
724 2430 822 2483 ratione
834 2430 942 2486 videres.
1075 2471 1078 2476 -

422 2565 537 2632 Denique
545 2582 590 2619 eur
603 2566 661 2619 allas
671 2565 725 2617 eliis
734 2564 842 2631 prestare
855 2563 968 2618 videmus

387 2632 501 2683 Pondere
510 2650 548 2684 res
559 2637 645 2694 rebus,
656 2634 735 2685 nihilo
746 2634 839 2696 majore
852 2631 946 2699 figurat

386 2702 468 2759 Nam,
478 2702 496 2751 fi
505 2702 649 2752 tantundem
657 2702 691 2753 est
700 2701 727 2752 in
735 2702 795 2751 lana
804 2702 917 2767 glomere
927 2712 1044 2764 quantum

387 2767 509 2831 Corporis
519 2767 545 2817 in
553 2770 656 2831 plumbo
671 2769 704 2819 est
713 2804 721 2827 ,
731 2770 875 2819 tantundem
884 2767 991 2832 pendere
1001 2782 1044 2831 par
1052 2760 1095 2814 ests

386 2832 1099 2899 corporisofficiumestquoniampremereomniadeorsum

387 2902 480 2951 Contrl
488 2917 569 2953 autem
578 2916 665 2952 natura
674 2915 756 2951 manet
764 2901 813 2950 fine
822 2903 932 2965 pondere
938 2899 1030 2952 inanis.

386 2970 453 3037 ergo
466 2969 533 3037 quod
544 2985 662 3040 magnum
673 2968 707 3023 est
717 2968 785 3037 eque
791 3004 801 3030 ,
814 2966 938 3037 leuiulque
948 2966 1063 3038 uidetur,⁴
