2984 3900
420 516 422 521 ¹
494 515 953 610 LIBERQUARTUS.
1028 533 1125 635 ω’.

383 619 419 693 Et
428 625 531 679 divisor
538 625 603 678 iuter
611 628 635 676 se
643 661 652 685 ‚
661 642 689 676 ac
698 626 833 677 distrafflor
841 625 917 680 intus.

422 764 456 812 Et
462 758 521 826 quoi
528 759 626 825 quisque
632 761 684 811 fere
691 759 770 810 studio
780 759 903 811 devinstus
911 761 1031 815 adhaeret,

387 828 445 880 'Aut
454 827 541 893 quibus
550 828 576 878 in
584 829 655 879 rebus
665 826 768 878 multiam
778 831 857 878 sumus
870 831 927 878 ante
935 826 1024 878 morati
1035 861 1044 886 ,

389 898 477 960 Atque
485 894 512 944 in
520 894 670 960 quitatione
678 893 726 944 fuit
735 910 852 945 contenta
861 895 940 960 tnagis
948 911 1032 956 ment,

388 965 420 1015 ln
428 960 520 1013 somnis
528 964 612 1012 eadem
620 963 763 1026 plerumque
771 961 884 1013 videmur
895 962 980 1013 obire:

391 1025 514 1080 caufidici
524 1032 605 1079 causas
613 1045 701 1095 agere,
713 1032 736 1079 ὅ(
745 1046 894 1093 componere
901 1030 986 1096 leges:

388 1097 580 1160 Indupetatores
590 1113 712 1161 pugnare,
723 1113 749 1144 ac
759 1095 845 1159 proelia
857 1097 927 1146 obire
936 1114 943 1146 s

389 1165 477 1214 Nautae
487 1167 636 1215 contrabant
647 1180 702 1214 cum
712 1163 794 1213 ventis
805 1179 905 1214 cernere
917 1163 1027 1214 bellum:

342 1232 347 1241 '
389 1232 448 1282 Nos
459 1242 531 1296 agere
541 1231 589 1280 hoc
599 1245 694 1287 autem,
709 1233 733 1280 ὅ(
741 1245 851 1282 naturam
861 1247 966 1297 quarere
975 1245 1057 1281 rerunt

390 1302 492 1362 Semper
497 1332 507 1361 ‚¹
516 1302 540 1349 ἃ
547 1297 671 1347 inventam
679 1296 766 1361 patriis
776 1314 898 1361 exponere
908 1296 1008 1348 chartis.

390 1367 485 1416 Cetera
492 1365 526 1415 fic
535 1363 625 1422 studia,
637 1380 710 1429 atque
720 1380 782 1414 artes
791 1365 934 1430 plerumque
942 1363 1057 1415 videntur

390 1435 421 1484 ln
429 1429 520 1481 somnis
529 1431 623 1482 animos
633 1431 759 1481 hominurn
767 1433 878 1484 frustrata
888 1447 980 1483 tenere.

391 1500 425 1550 Et
436 1497 574 1564 quicunque
584 1495 636 1548 dies
647 1499 740 1549 multos
749 1515 778 1548 cx
787 1500 874 1551 ordine
882 1498 948 1550 ludis

390 1566 507 1620 Affiduas
515 1567 636 1616 dederunt
647 1583 749 1631 operas,
760 1566 902 1633 plerumque
911 1565 1041 1621 videmus,

392 1633 456 1685 Ciun
464 1633 512 1695 jam
521 1631 659 1683 destiterint
666 1650 694 1682 ea
701 1634 939 1698 senfibususurptre‚

392 1698 513 1765 Reliqiias
521 1715 603 1750 tannen
611 1697 658 1750 esse
665 1698 717 1750 vias
724 1699 749 1749 in
758 1717 839 1751 mente
849 1715 975 1766 patentes,

394 1767 452 1830 Qui
460 1765 550 1830 posfint
559 1763 643 1818 eadent
652 1782 731 1817 rerum
741 1766 873 1818 simulacra
883 1766 978 1819 venite.

393 1834 535 1886 Permultos
545 1834 626 1899 itaque
638 1832 682 1884 illa
690 1829 743 1884 dies
753 1835 837 1886 eadent
852 1831 1013 1887 observantur

393 1903 466 1954 Ante
474 1901 577 1962 oculos,
588 1893 662 1952 etiarn
674 1897 807 1967 vigilantes
816 1915 843 1954 ut
852 1900 982 1955 videantur

396 1974 509 2021 Cernere
513 1970 641 2027 saltantes,
650 1967 769 2020 &mollin
777 1972 885 2021 membra
892 1981 1035 2029 moventes3

395 2038 429 2089 Et
437 2036 535 2087 cithare
543 2034 663 2101 liquidum
673 2042 784 2095 ca'rtuen,
796 2038 945 2105 chordasque
952 2041 1082 2103 loquentes

397 2104 511 2156 Auribus
519 2103 631 2167 accipere
639 2142 647 2161 ,
656 2107 680 2154 ἀ
689 2103 821 2155 consessum
831 2123 930 2158 cernere
939 2107 1060 2161 eundern,

396 2171 532 2236 Scena'sque
541 2168 610 2222 fimus
620 2170 702 2221 varios
711 2169 839 2237 splendere
848 2175 960 2226 decores.
1112 2169 1114 2173 '

396 2242 476 2306 Usque
485 2233 546 2290 rdeb
554 2238 635 2303 magni
644 2241 718 2288 refert
731 2237 853 2300 studium,
863 2257 935 2306 atque
945 2240 1059 2293 voluntas
1066 2273 1076 2297 ,

396 2305 428 2358 Et
436 2306 524 2372 quibus
533 2305 560 2355 in
567 2306 638 2355 rebus
647 2302 785 2357 consuerint
794 2308 839 2357 esse
848 2307 943 2372 operati

397 2376 459 2424 Non
468 2372 579 2423 homines
587 2372 681 2429 solnm,
694 2374 735 2422 sed
743 2374 804 2425 verb
813 2373 927 2424 animalia
935 2376 1027 2427 ennea.

399 2440 500 2505 Quippe
507 2439 603 2490 videbis
618 2455 694 2505 equos
701 2442 793 2497 fortes,
803 2440 859 2491 ciam
867 2443 975 2492 membra
983 2438 1111 2504 jacebunt,

398 2501 952 2573 lnsomnissudaretatnen,spirarequesepe,

399 2579 433 2626 Et
441 2576 505 2639 quas
513 2575 545 2624 de
554 2568 635 2638 palmi
645 2576 748 2624 sununas
758 2578 905 2639 contendere
914 2575 994 2632 vires,

400 2646 469 2692 Tunc
481 2640 545 2708 quasi
553 2638 690 2699 carceribus
698 2640 887 2706 patesafflssaepe
900 2641 998 2706 quiete:

398 2710 586 2774 Venantumque
594 2722 665 2759 canes
674 2706 700 2757 in
710 2708 781 2758 molli
790 2711 849 2773 saepe
858 2709 940 2774 quiete

392 2773 1008 2840 'Jaotantcrurataneusubito,vocesquerepente

400 2842 520 2901 Mittunt,
530 2848 553 2895 ἃ
561 2843 655 2893 crebras
664 2844 784 2893 reducunt
791 2843 890 2894 naribus
899 2860 986 2905 aurat,

398 2913 432 2964 Ut
441 2909 903 2981 vestigiusteneantinveataferaruu.
985 2945 987 2950 ,
