2984 3900
463 546 647 619 'LIBRI
676 548 885 619 PRIMI.
976 569 1071 624 xxxv

347 659 425 749 fait,
449 687 487 735 ut
514 660 721 749 insecabilia,
745 688 867 743 aeterna
878 715 889 748 ,
914 656 1073 738 &solida

352 760 418 832 smt
433 785 594 857 corpora,
607 788 649 833 ex
662 762 783 860 quibus
794 785 906 849 tamen
921 786 973 832 res
987 760 1072 834 mol·

354 855 429 941 les,
459 858 632 954 interjedio
657 863 781 942 Inani,
802 857 897 956 aeque
918 883 956 929 ac
978 857 1072 932 durae

353 951 450 1027 fiant.
475 953 563 1025 Cirm
579 979 691 1028 autem
705 980 744 1027 ea
764 955 826 1027 sint
846 955 979 1030 minima
997 981 1071 1029 cor·

349 1074 458 1223 gera,
470 1049 572 1127 docet
589 1052 666 1125 inde
685 1051 768 1150 quid
787 1051 851 1136 fit,
868 1050 963 1148 quod
976 1053 1008 1124 in
1021 1078 1073 1135 ref

380 1171 418 1221 us
431 1149 615 1216 Minimum
630 1151 707 1243 quid
719 1147 823 1246 vulgo
838 1171 992 1224 vocatur.

406 1336 484 1414 VI.
516 1340 570 1420 Ex
595 1337 700 1418 licatis
720 1343 766 1414 ita
794 1363 833 1424 ac
854 1339 983 1426 statutis
1006 1301 1072 1422 suis

352 1435 546 1606 princiXiis,
566 1365 671 1512 doe'ta
684 1463 837 1513 veterum
848 1437 1071 1539 Philosopho-

352 1542 430 1610 rum
480 1560 627 1618 ererum
650 1537 763 1634 primis
781 1536 972 1632 primordiis¹
994 1540 1072 1635 opi-

351 1631 471 1720 niones
494 1630 674 1730 explodit:
701 1632 759 1705 sed
779 1635 813 1703 in
824 1635 946 1800 I{rimis
962 1634 1076 1709 Hera·-

350 1727 450 1812 cliti,
471 1731 529 1827 qui
544 1755 647 1812 unum
666 1731 778 1827 ignem
788 1754 801 1817 3
857 1728 1043 1825 mpedoclis
1057 1734 1087 1819 ,³

380 1825 413 1897 ui
438 1824 604 1910 Terram,
638 1827 806 1924 Aquam,
839 1827 1001 1911 Adrem,
1033 1832 1071 1903 δε

352 1849 501 2018 ignem
523 1922 760 2029 Anaxagora,
779 1925 837 2024 qui
848 1921 1071 1996 Homoeome-

353 2020 459 2103 riam,
486 2044 586 2116 quam
617 2023 729 2094 Graeci
754 2043 901 2104 vocant,
933 2020 999 2110 hoc
1023 2019 1072 2094 est

355 2115 460 2217 quasi¹
477 2116 709 2191 srmilaritatem
733 2120 879 2213 partium
903 2118 938 2188 in
970 2117 1071 2190 rebus

354 2213 504 2310 genitis,
526 2237 685 2313 tanquam
699 2217 806 2312 prima
826 2238 937 2287 rerum
950 2215 1071 2311 princi,

355 2311 412 2412 pia
423 2306 618 2385 statuerunt.
644 2338 646 2342 ·
847 2329 850 2335 '
1040 2325 1043 2330 '

407 2502 510 2577 ¹VII.
535 2503 724 2576 Contendit
742 2501 895 2586 Totum,
917 2500 1072 2576 squnie·

356 2598 490 2675 versum
504 2599 669 2688 infinitum
684 2598 820 2698 quidem
835 2596 897 2671 effe
910 2648 922 2682 ,
938 2597 1012 2670 crim
1028 2626 1071 2671 ex
1182 2622 1184 2625 ·

356 2696 567 2769 Atomorum
581 2696 794 2770 multitudine
805 2694 986 2779 innumeri,
996 2719 1070 2786 tum

356 2818 403 2866 ex
425 2797 536 2862 Inanis
556 2792 712 2870 immensd
734 2791 988 2889 magnitudine:
1013 2788 1072 2868 sed

356 2891 470 2991 arguit
483 2892 517 2966 in
531 2886 730 2992 corporibus
739 2886 950 2992 frangendis,
959 2886 1072 2984 rebasz
