2984 3900
1055 554 1105 627 79

404 810 1116 958 ARGUMENTUMI

536 1019 717 1086 LIBRI
747 1014 963 1085 TERTLI.

442 1214 777 1302 -Ac‘raraus,
808 1217 945 1291 duobus
980 1214 1102 1312 nempe
1190 1256 1192 1261 .

385 1312 608 1406 superioribus
622 1313 736 1386 Libris
750 1364 761 1397 ,
782 1338 934 1387 naturam
947 1315 984 1386 &
998 1312 1102 1409 quali·
1145 1382 1146 1385 ,

386 1430 494 1492 tates,
515 1434 601 1504 quas
611 1409 754 1487 dicimus
772 1462 783 1494 ‚
808 1410 1015 1483 Atomorum
1039 1408 1102 1482 rite

387 1501 561 1599 explicaffe
588 1505 657 1578 fibi.
672 1504 759 1581 visus
781 1505 829 1579 est
855 1507 972 1579 Po'e'ta.
996 1507 1099 1579 Nunc

386 1623 534 1698 quatuor
561 1601 695 1700 reliquis
725 1601 822 1676 lib'ris
843 1629 882 1675 ea
907 1602 1098 1699 figillatim.‚

386 1723 463 1796 quae
477 1724 519 1770 ex
534 1697 673 1771 Atomis
683 1697 771 1772 fiunt
781 1718 802 1784 ,'
812 1700 967 1773 attentihs
980 1697 1099 1795 specu-

385 1795 487 1867 latur.
507 1795 626 1893 Atque
640 1849 651 1880 ,
666 1798 716 1868 uti
733 1821 796 1892 par
806 1794 888 1881 fuit,
903 1799 1026 1894 primas
1041 1796 1100 1868 de-

385 1890 465 1966 tulit
477 1915 588 1989 partes
602 1893 736 1966 Animae
746 1897 783 1966 &
793 1893 921 1966 Animo
935 1944 945 1978 ‚
968 1892 1010 1966 de
1023 1895 1098 1991 qui-

387 1991 450 2063 bus
464 1990 530 2063 hoc
542 2013 618 2062 toto
632 1990 719 2063 libro
733 1994 798 2087 jam
817 1990 973 2087 disputat.
994 1992 1099 2064 Hunc
1135 2079 1137 2083 Α

386 2110 500 2160 autem
528 2084 714 2184 auspicatur
738 2087 860 2160 librum
890 2088 932 2161 ab
960 2088 1099 2185 Epicuri

384 2182 541 2256 laudibus
555 2233 565 2266 ‚
579 2210 678 2282 quem
691 2187 835 2281 primum
847 2185 1007 2281 praedicat
1019 2184 1099 2258 edo-

386 2278 486 2354 cuiffe
513 2306 581 2354 non
603 2279 622 2352 ὲ
646 2281 746 2365 De0,
775 2280 832 2353 sed
856 2306 898 2352 ex
922 2284 1098 2355 temerario

386 2375 551 2452 concursu
572 2378 801 2462 momorum,
825 2378 996 2450 Mundum
1005 2377 1097 2451 fuisse

385 2474 536 2560 fastum
561 2474 752 2573 mentesque
780 2476 976 2558 hominum,
1004 2500 1097 2552 metu

385 2568 1097 2656 mortis,Deorum‚acInferorumliberaffe'.

438 2670 526 2742 Haec
539 2696 645 2765 pauca
659 2670 702 2742 de
718 2669 866 2765 Epicuro
874 2666 1053 2752 Praefatus,
1064 2666 1094 2739 Ι.

386 2764 490 2838 docet
517 2765 678 2837 Animum
713 2790 814 2864 atque
840 2766 998 2839 Animam
1027 2790 1095 2845 non

384 2862 614 2961 harmoniam,
640 2886 679 2937 ut
703 2862 873 2939 veteribus
899 2860 1096 2963 quibusdam

919 2966 985 3064 &4
