2984 3900
457 559 624 628 Linou
655 559 947 627 srcuuous
1035 575 1078 642 ⁷7

360 661 489 713 Dorticum
499 662 624 715 olescendi
634 666 750 714 summum
760 661 866 729 tetigdte
876 675 1004 714 cacumen·

364 731 424 780 Inde
433 729 573 781 minutatim
582 730 663 789 vires,
673 731 781 782 &robur
791 731 901 781 adultum

363 798 482 863 Frangit,
493 802 517 848 dr
528 796 555 848 in
566 812 661 860 partem
668 800 778 862 pejorem
786 797 890 862 liquitur
898 812 967 849 stass

363 863 464 929 Quippe
471 864 562 915 etenim
569 868 661 930 quanto
667 865 743 916 estres
751 863 982 931 amplior,augmine
988 862 1077 929 ἆέρέῠ,

363 935 395 980 Et
403 929 592 996 quolatiorest,
601 932 732 982 iucundas
740 932 846 997 undique
854 947 937 996 partes

361 998 446 1063 Pluriq
454 1000 485 1048 ed
494 998 627 1065 dispergit,
638 1004 661 1050 dc
670 1001 714 1050 dle
724 1016 829 1063 corpora
838 998 937 1052 mittits'

361 1067 415 1115 Nec
424 1063 499 1116 facile
506 1064 533 1116 iu
543 1082 616 1119 venas
625 1065 694 1117 cibus
703 1065 784 1116 omnis
793 1066 887 1118 diditur
899 1065 954 1126 eii}

361 1135 415 1182 Nec
426 1131 538 1190 satisest,
549 1150 596 1198 pro
605 1135 676 1198 quim
685 1134 768 1211 largos
774 1134 883 1184 exestuat
891 1134 958 1185 estus
965 1155 979 1193 ,ε

360 1201 430 1250 Unde
438 1212 512 1266 queat
520 1203 616 1251 tantlun
624 1200 743 1259 suboriri,
758 1219 785 1250 ac
794 1199 962 1266 suppeditare,

362 1267 488 1329 Quantum
495 1282 557 1332 opus
566 1267 614 1326 est,
630 1270 654 1319 de
662 1270 729 1333 quod
738 1267 795 1319 satis
803 1269 836 1318 est
846 1305 853 1327 ‚
865 1270 960 1324 Natura
968 1268 1073 1323 no'va'ns·

362 1336 379 1385 J
381 1351 425 1385 ure
434 1334 512 1401 igitu'r
520 1339 637 1399 pereunt,
647 1335 702 1386 cunt
711 1339 824 1386 rarefadla
833 1335 936 1386 fluendo

360 1407 435 1461 Sunt3
446 1407 469 1453 δι
478 1401 534 1452 crim
542 1402 648 1453 externis
658 1403 818 1454 succumbunt
829 1401 912 1454 omnia
920 1401 1016 1469 plagis:

362 1468 571 1535 Quandoquidem
577 1469 664 1536 grandi
673 1469 744 1533 tibus
755 1487 807 1522 aevo
817 1469 921 1536 denique
930 1470 1008 1534 defit3

360 1538 415 1588 Nec
426 1537 560 1588 tuditantia
569 1554 621 1588 tem
631 1539 720 1588 cessant
732 1536 881 1600 extrinsecus
893 1539 971 1589 ullam

362 1607 477 1672 Corpora
486 1603 621 1679 eonfitere,
635 1604 753 1674 &plagis
766 1603 850 1658 infesta
859 1605 971 1658 domare·

396 1756 434 1808 Sit
443 1755 611 1824 igit'urmagni
621 1765 718 1824 quoque
731 1757 824 1810 circdrn
835 1758 924 1810 moenia
931 1757 1020 1811 Mundi

360 1820 504 1902 Expugnata
515 1827 609 1877 dabunt
617 1827 712 1884 labem,
722 1830 852 1893 putresque
861 1827 950 1891 ruinas.

361 1893 453 1942 Omma
462 1893 534 1943 debet
543 1892 609 1943 enirn
618 1892 686 1944 cibus
695 1892 819 1960 integrare
829 1895 946 1947 novando
955 1917 974 1956 p

361 1964 394 2011 Et
402 1959 490 2012 fulcire
501 1959 578 2022 cibis,
590 1978 617 2010 ac
627 1960 856 2015 omniasustentare.

360 2027 549 2094 Nequidquam,
562 2028 730 2095 quoniamries
738 2046 806 2079 venre
813 2030 988 2098 perpetiuntur

361 2096 1078 2162 Quodsatisest,neque‚'quantsropusestNaturamioistrat·

361 2166 466 2229 Jamque
474 2165 536 2215 adeo
545 2164 626 2215 affeua
635 2164 668 2216 est
676 2180 748 2225 etus,
761 2165 889 2232 effatuque
902 2168 977 2218 tellus

361 2231 412 2281 Vix
422 2230 536 2281 animalia
543 2248 619 2295 parva
628 2248 709 2291 creat,
720 2249 771 2298 quae
781 2237 863 2300 qundo
874 2234 969 2286 creavit

359 2299 450 2357 Saecla,
460 2297 576 2363 deditque
584 2301 688 2351 fera‘r'tirn
695 2299 806 2366 ingentia
818 2315 924 2365 corpora
934 2309 1016 2366 partu.

359 2367 451 2425 Haud,
464 2382 490 2417 ut
499 2365 606 2430 opinor,
615 2366 806 2434 enirnqnortalis
815 2369 992 2434 soclssuperue

360 2435 446 2485 Aurea
455 2434 485 2484 de
494 2435 564 2485 Coelo
575 2433 741 2485 dernifitfutii's
749 2434 775 2484 ln
783 2452 839 2486 arva
850 2450 857 2492 3

361 2504 509 2559 Neomare,
521 2518 565 2551 nec
575 2501 661 2552 fluetus
672 2504 817 2569 plangentes
828 2503 882 2551 saxa
893 2499 1026 2555 credruntz

361 2571 408 2619 Sed
416 2568 502 2635 gepu‘ir
510 2570 593 2620 Tellus
603 2568 701 2630 eadem,
713 2586 764 2635 quae
774 2586 838 2634 nunc
849 2567 895 2619 alit
902 2586 932 2619 ex
940 2570 974 2622 se.

362 2638 481 2687 Praeterea
491 2635 580 2687 nitidas
590 2640 689 2703 fruges,
700 2637 831 2703 vinetaque
845 2637 900 2686 leta

362 2709 454 2768 Sponte
462 2704 502 2754 sud
510 2702 614 2768 primitur
624 2705 770 2757 mortalibus
777 2704 827 2769 ipsa
835 2701 930 2755 creavit
939 2720 948 2755 ε·

362 2774 417 2835 Ipsa
427 2770 498 2821 dedit
506 2772 590 2821 dulces
602 2776 687 2831 foetus,
698 2776 722 2823 dt
732 2772 821 2837 pabula
830 2773 884 2823 lata
891 2784 901 2823 t

363 2840 423 2900 Quae
432 2855 496 2888 nunc
506 2838 547 2889 vix
556 2838 639 2889 nostro
649 2841 813 2906 grandescunt
821 2843 887 2891 auda
897 2838 1002 2900 labote3

362 2905 566 2971 conterimusque
577 2906 667 2965 boves,
678 2912 702 2959 dr
709 2905 776 2958 vires
785 2906 950 2974 agricolarum

360 2971 530 3036 conficimus,
540 2971 601 3027 seris
609 2972 652 3029 vix
660 2972 725 3029 arsit
735 2973 898 3042 suppeditati:
911 3036 936 3092 G

947 3056 959 3098 3
