2984 3900
541 569 898 643 PRAEFATIO.
1069 596 1093 645 v·

372 691 480 773 latet,
493 685 635 761 simodo
649 686 832 760 attenderit
844 706 868 773 ,¹
879 704 1091 786 quaecunque

374 784 419 858 de
443 784 581 858 Atomis
606 781 718 881 effutit
741 783 933 880 Epicurus,
962 809 1000 856 ea
1022 806 1091 856 tam

373 878 531 983 fqtilibus
540 932 552 966 ,
571 881 638 953 imo
659 903 728 954 tam
745 880 846 952 nullis
870 882 966 952 inniti
985 882 1091 953 ratio-

372 1003 456 1073 num
482 979 689 1062 momentis,
713 1000 752 1050 ut
777 1001 834 1050 aut
853 1003 913 1074 per
934 974 1001 1048 sese
1023 975 1091 1073 ipsa

373 1071 657 1158 mantuanus,
673 1096 730 1146 aut
745 1073 863 1149 leviter
884 1071 1023 1172 impulsa
1038 1073 1091 1146 di·

372 1168 570 1268 labantur?
604 1167 879 1270 Quotusquisque
903 1195 1014 1244 autem
1044 1168 1091 1243 est

375 1293 495 1342 eorum
506 1269 789 1353 homuncionum,
802 1270 860 1367 qui
870 1267 1090 1341 Christianam

376 1358 595 1463 Religionem*
618 1363 761 1463 apertius
780 1368 825 1436 im
850 1389 1001 1462 ugnan-r,
1032 1366 1092 1462 qui

374 1485 445 1537 non
456 1456 641 1560 quamlibet
656 1462 755 1534 aliam
773 1391 884 1545 maiit,
900 1460 999 1558 quim
1010 1461 1093 1558 Epi·

373 1582 510 1632 cuream
536 1560 728 1656 opinionem
757 1554 874 1632 tueri?
900 1557 986 1631 adeo
1012 1585 1091 1646 cum

372 1655 504 1730 ratione
532 1660 568 1729 &
585 1653 708 1729 ⁵secum
734 1654 801 1752 ipsa
827 1679 956 1753 pugnat
969 1679 982 1740 3
1013 1658 1096 1754 quin

372 1751 474 1846 etiam
497 1776 541 1826 ne
566 1754 605 1824 iis
635 1750 772 1852 quidem
794 1753 996 1850 argumentis
1018 1754 1095 1850 phi·

373 1845 535 1946 losophus
548 1853 676 1934 utitur,
700 1876 776 1948 quae
793 1850 818 1922 fi
835 1875 902 1922 non
917 1875 1000 1923 vero
1014 1874 1094 1945 pro-

371 1943 488 2119 Hima,
502 1942 618 2022 saltem
634 1972 703 2021 non
721 1950 859 2023 omnino
882 1945 1023 2022 absurda
1043 1948 1095 2023 vi-

399 2068 530 2118 eantur.

427 2237 652 2336 Quapropter
685 2230 728 2323 ad
762 2236 909 2313 edendos
942 2238 1094 2316 Lucretii

373 2331 415 2403 de
440 2342 561 2429 Rerum
580 2331 719 2425 Naturh
742 2335 866 2421 libros,
889 2335 1091 2436 eosdemque

372 2424 490 2504 seduli)
510 2433 729 2529 recognitor,
749 2432 938 2508 industriam
955 2460 1089 2510 omnem

375 2526 527 2601 conferre
551 2554 619 2601 non
651 2527 911 2619 dubitavimus,
927 2534 990 2603 rati
1010 2532 1091 2700 Epi-

372 2624 446 2697 curi
474 2625 659 2699 doctrinam
683 2627 881 2724 jampridem
896 2627 941 2699 ita
956 2627 1091 2701 obso-e*

372 2720 475 2807 viiie,
497 2722 578 2793 nihil
602 2746 640 2796 ut
662 2722 741 2795 inde
762 2724 902 2821 periculi
919 2727 968 2797 rei
989 2721 1089 2797 Chri·

373 2817 482 2892 stianae
496 2820 666 2891 immineat
674 2844 687 2905 3
703 2818 855 2895 Lucretii
868 2822 948 2895 verb
960 2817 1089 2910 libror,

371 2917 431 3017 qui
445 2942 564 2991 arcana
588 2915 819 2994 reconditioris
838 2918 986 3020 Physrcae
1007 2920 1088 3019 plu-

902 3040 958 3115 ‘³3
