2984 3900
438 569 518 645 2¹4
595 549 1037 622 ARGUMENTUM

436 702 1150 746 m

454 767 1129 965 ineunturum

582 1054 991 1124 LIBRJ'SEXTI.

507 1233 730 1306 Roausus
757 1234 883 1332 ubique
909 1231 1091 1319 Lucretius
1116 1230 1152 1304 in
1195 1292 1198 1305 .

329 1380 332 1389 ·
433 1327 710 1427 Antefignanisui
718 1332 858 1429 Epicuri
868 1331 982 1405 laudes
998 1327 1152 1413 ‚sextum

433 1429 523 1500 hunc
544 1429 667 1499 librum
680 1428 868 1526 auspicatur
881 1430 923 1501 ab
936 1429 1152 1501 Athenarum

433 1528 610 1608 encomio,
636 1551 711 1622 quae
731 1550 864 1600 tantum
889 1527 999 1601 virum
1019 1551 1151 1622 genue-

432 1624 511 1694 rint.
542 1622 676 1696 Deinde
697 1624 774 1695 libri
795 1625 892 1720 hujus
913 1646 1152 1720 argumentum

429 1719 495 1793 rite
513 1718 640 1793 socians
655 1747 733 1793 cum
745 1723 784 1792 iis
798 1746 873 1818 quae
886 1717 1048 1816 superiori
1058 1719 1149 1792 libro

429 1816 595 1915 disputata
609 1815 684 1890 sunt
707 1817 750 1890 de
768 1819 883 1893 nativo
903 1817 1002 1916 hujus
1024 1817 1149 1890 Mundi

431 1940 527 2000 ortu,
540 1914 741 2012 mortalique
753 1917 910 1999 interitu,
920 1915 1038 2084 pergit
1051 1938 1147 1989 natu-

428 2038 499 2083 ram
513 2038 652 2097 eorum,
667 2038 742 2109 quae
759 2021 905 2084 Meteora
944 2015 1080 2099 icimur,
1096 2016 1146 2085 in·

410 2108 482 2181 <tuis
493 2106 701 2206 perscrutari.
1140 2190 1143 2193 ,

480 2208 533 2278 At
559 2234 623 2290 ue,
646 2230 684 2278 ut
699 2208 790 2277 omni
804 2204 953 2303 deposui
966 2204 1146 2283 formidine

343 2310 347 2318 ’
427 2233 590 2378 Mortales
602 2327 727 2400 queant
740 2304 814 2374 irati
830 2305 923 2379 lovis
943 2307 1066 2379 intueri
1078 2303 1146 2379 ful·

427 2403 540 2484 mina,
561 2399 664 2472 docet
684 2400 715 2471 Ι.
731 2399 773 2472 de
793 2403 924 2470 Tonitru
936 2453 948 2485 ,
962 2403 1061 2501 quod
1070 2402 1145 2478 fieri

426 2519 524 2594 putat
543 2496 600 2571 vel
617 2522 659 2569 ex
680 2496 875 2583 collisione,
898 2523 955 2571 aut
977 2502 1143 2590 corrasio-

426 2618 492 2677 ne,
515 2618 573 2665 aut
604 2591 808 2690 disruptione
830 2595 994 2679 nubium,
1031 2602 1147 2671 ventis·

425 2712 544 2762 contra
557 2691 782 2786 pugnantibus
793 2716 806 2777 3
829 2693 885 2767 vel
909 2718 951 2764 ex
971 2695 1006 2765 ui
1021 2719 1144 2769 vento-

425 2811 521 2871 rum,
547 2810 605 2858 aut
618 2789 703 2859 intra
728 2788 838 2861 nubes
862 2789 1147 2879 colluslantiunt,

424 2908 485 2957 aut
511 2910 567 2957 eas
588 2886 733 2961 invicem
767 2888 964 2985 agitantium
974 2911 988 2977 3
1012 2890 1073 2967 vel
1100 2917 1145 2968 ex
