2984 3900
452 576 909 674 ZIBRiQUARTI.
999 603 1074 674 119

366 693 435 773 tim
448 698 559 770 animi,
571 691 683 787 Quam
698 695 955 794 disputationem
979 720 1019 770 ut
1033 722 1076 772 ex

366 792 487 868 ordine
500 791 672 878 absolvat,
698 792 922 866 iSirnulacris
947 794 1083 867 exordi-

367 913 447 976 tur,
475 891 599 989 quibus
616 891 754 964 omninb
774 889 848 962 fieri
867 886 1084 965 sensationetn

367 987 556 1062 contendit,
863 1057 866 1062 .

420 1084 539 1158 Docet
558 1086 671 1182 itaque
692 1078 724 1155 Ι.
746 1081 766 1156 ὲ
790 1108 901 1157 rerum
924 1083 1083 1184 supremo

369 1180 486 1256 colore
499 1178 555 1254 seu
570 1206 713 1278 corpore
724 1206 820 1255 coeea
831 1183 939 1276 emitti
945 1187 1084 1253 Simula-

369 1303 445 1363 cra,
458 1303 533 1392 quae
543 1277 656 1375 passim
668 1302 728 1375 per
738 1283 814 1352 ae'ra
826 1278 995 1364 volitent,
1014 1306 1086 1354 nec

368 1373 429 1449 sub
443 1373 549 1451 vrsunt
563 1374 685 1448 cadant
702 1425 713 1457 ,
735 1376 794 1446 nist
809 1376 850 1448 ab
865 1402 999 1474 aequore
1011 1376 1087 1475 spe·

367 1471 524 1547 culorum
537 1495 594 1545 aut
604 1497 764 1570 aquarum
779 1473 919 1570 repulsa.
937 1474 987 1546 Ea
1002 1498 1085 1572 por·-

369 1570 408 1643 rb
421 1569 608 1644 simulacra
625 1568 809 1641 tenuiffinra
828 1575 864 1642 &
884 1569 1086 1647 subtiliffitna

367 1666 432 1742 effe
456 1666 533 1742 vult
550 1689 576 1752 3·
591 1691 735 1764 quorum
761 1665 887 1764 duplex
915 1667 1086 1765 distinguit

368 1788 498 1866 genus:
514 1762 666 1847 alterum,
677 1788 795 1835 eorum
809 1786 885 1861 quae
898 1761 1014 1860 sponte
1028 1764 1086 1838 sua

368 1862 710 1963 generenturina'e're,
744 1860 1085 1962 ualianonnunquant

368 1959 522 2038 videmus
543 1956 617 2031 fieri
637 1960 672 2029 in
693 1984 738 2029 nu
764 1958 864 2045 ibus,
890 1985 965 2059 quae
980 1960 1085 2035 modi>

369 2059 555 2158 Gigantum
572 2108 583 2140 ,
597 2054 701 2128 modi>
712 2058 876 2129 montium
887 2080 944 2130 aut
958 2057 1087 2131 bellua·

368 2182 457 2231 rum·
471 2154 647 2251 imagines·
673 2153 875 2225 imitantur:
909 2154 1050 2226 alterum
1071 2204 1087 2241 ,

369 2278 489 2328 eorum
504 2275 580 2350 quae
594 2248 719 2325 cadunt
732 2249 752 2322 ὲ
765 2276 875 2322 rerum
888 2248 1088 2347 superficie,

417 2350 462 2425 afi
476 2347 581 2447 sp'olia
593 2346 650 2421 seu
662 2370 780 2420 tenues
794 2349 943 2433 exuuiae,
955 2373 1030 2445 quae
1041 2350 1089 2422 ci·

368 2470 384 2522 t
416 2470 648 2547 generentur,
676 2442 897 2542 celeriterque
911 2440 1088 2531 ferantur,

370 2544 470 2645 aeque
485 2543 637 2617 ansulis
658 2542 772 2615 lumen
794 2566 857 2639 per
875 2563 990 2622 toturn
1009 2547 1087 2615 aera

369 2664 586 2742 procreatum
597 2640 774 2738 spargitur.
935 2655 938 2660 ’

425 2738 478 2811 Π.
493 2738 583 2828 Quia
596 2738 689 2829 Vifics
700 2738 849 2809 omnium
861 2732 1009 2807 sensuum
1021 2734 1090 2831 pri·

371 2848 448 2911 ntus
468 2834 612 2909 habetur
623 2886 634 2920 ,
646 2834 689 2908 ab
703 2859 746 2906 eo
766 2831 965 2916 exorditur,
985 2855 1088 2929 quern

370 2959 417 3024 ex
426 2935 676 3006 aemulatorum
687 2928 746 3005 seu·
761 2926 1091 3028 Imaginare-incursu
