2984 3900
472 568 642 637 LIBER
674 570 940 657 QUINTUS.
1023 601 1076 652 ryr

397 735 775 807 lleninpurgaeunestpedue‚
790 755 840 805 qut
850 738 1035 805 proelianobir‚
1081 758 1086 765 ·

363 802 450 871 'Atque
459 806 568 870 pericula
575 822 634 858 tunc
644 806 748 874 ingratis
756 807 938 859 insinuandum?

367 875 471 934 Quinte
478 872 639 926 conscindunt
648 874 773 926 hominem
783 876 926 940 cuppedinis
938 893 1006 929 acrer
1016 890 1020 900 “

367 940 509 992 Sollicitum
520 948 595 992 curt?
607 943 738 1010 quantique
746 942 850 1008 perinde
859 942 979 995 timoren?

368 1008 470 1070 Quidve
478 1009 602 1074 superbia,
613 1010 755 1076 spurcities,
765 1009 915 1076 petulantia,
930 1028 1031 1080 quantas

367 1075 487 1129 Efficiunt
494 1079 592 1129 cludet?
601 1078 661 1145 quid
667 1079 751 1137 luxus,
761 1078 924 1145 desidiesquet

403 1211 462 1261 Hoec
473 1209 551 1277 igitur
558 1209 600 1278 qui
610 1215 693 1263 curua
701 1209 837 1280 subegerit,
848 1209 1017 1281 exanimeque

368 1278 498 1342 Expulerit
506 1277 591 1338 dinis,
602 1295 654 1329 nnn
662 1280 750 1339 armis,
761 1294 842 1331 nonne
852 1276 950 1328 decebit

369 1347 444 1396 Hunc
452 1345 577 1397 hominem
587 1362 689 1401 numero
698 1347 793 1399 Divdm
802 1344 926 1411 dignarier
934 1346 993 1399 effe!

371 1413 434 1465 etun
443 1414 504 1464 bene
513 1414 643 1477 presertim
653 1416 746 1474 multa,
757 1433 784 1465 ac
794 1411 914 1465 divinitis
922 1411 978 1480 ipsis

370 1480 552 1533 immortalibu'
559 1481 590 1531 de
598 1481 673 1534 Divis
681 1483 738 1533 dare
749 1482 811 1533 dina
820 1480 908 1537 suerit,

371 1549 457 1617 Atque
466 1565 564 1602 omnem
571 1565 653 1603 rerum
660 1551 780 1603 Naturam
787 1549 892 1616 pandere
900 1546 979 1602 dietis.

408 1680 505 1744 Quoius
513 1699 562 1750 ego
571 1682 689 1751 ingressus
700 1680 819 1749 vestigia,
829 1695 892 1733 nnnc
905 1679 1012 1733 rationee

372 1747 523 1814 Persequor,
533 1769 562 1801 ae
570 1751 650 1803 doceo
659 1751 744 1808 dieis,
753 1768 802 1816 quo
812 1765 908 1815 queque
919 1765 1000 1801 create

372 1817 474 1871 Foedere
482 1818 541 1877 sint,
551 1817 577 1869 in
586 1836 616 1869 eo
625 1821 696 1885 quim
704 1822 734 1871 fit
743 1821 830 1869 durare
838 1815 974 1878 necessum

373 1887 428 1935 Nec
438 1884 532 1937 validae
540 1885 586 1937 evi
593 1888 693 1938 valeant
699 1886 836 1938 rescindere
843 1885 923 1953 leger.

376 1956 436 2016 Quo
445 1970 533 2020 genere
542 1955 663 2020 imprimis
669 1954 757 2010 Animi
767 1968 853 2004 natura
863 1965 961 2017 reperta
967 1949 1014 2013 est,

374 2022 471 2074 Nativo
479 2022 584 2087 primitur
593 2022 719 2074 consistere
728 2037 835 2087 corpore
843 2035 926 2079 creta,
1021 2032 1024 2036 '

376 2092 433 2142 Nec
440 2089 508 2155 polle
515 2090 646 2142 incolumis
655 2106 771 2157 magnum
780 2090 866 2140 durare
873 2102 1013 2153 peraevnrnt

375 2158 423 2209 Sed
430 2158 555 2209 simulacre
562 2159 641 2210 solere
649 2157 675 2212 in
683 2158 774 2210 somnis
781 2156 866 2208 fellere
874 2171 981 2207 mentem
991 2192 999 2215 ,

378 2228 486 2292 Cernere
493 2226 548 2279 ciun
555 2225 685 2280 videamur
694 2242 767 2287 eum,
779 2240 850 2293 quem
861 2224 914 2276 vita
921 2223 1032 2291 reliquit.

414 2379 490 2443 Quod
500 2380 617 2445 superest,
628 2396 692 2431 nunc
702 2395 741 2429 me
750 2378 798 2430 buc
808 2378 910 2430 rationis
919 2377 1010 2431 detulit
1017 2380 1099 2438 ordo‚·

379 2447 493 2506 Urmihi,
503 2448 604 2499 mortali
613 2445 738 2499 consistere
748 2463 854 2512 corpore
862 2447 996 2504 Mundum,

380 2516 550 2581 Nativumqut
559 2516 644 2574 fimul,
654 2513 719 2566 ratio
728 2515 855 2566 reddunda
864 2517 910 2572 sit,
923 2512 969 2566 else
978 2530 988 2565 t

381 2580 918 2650 Requibutillemodircongreil'urmateriai

382 2651 501 2705 Fundirrit
508 2656 625 2710 Terram,
636 2649 750 2707 Coelum,
761 2652 829 2701 Mare
838 2684 845 2709 ,
854 2648 952 2708 Sidera,
963 2646 1062 2707 Solen,

384 2719 509 2785 lunaique
518 2719 635 2786 globum:
647 2734 699 2769 tum
707 2733 758 2783 quae
766 2718 857 2768 tellure
865 2715 998 2768 animantes

386 2784 544 2845 Exiliterint,
555 2790 637 2852 &que
644 2786 715 2836 nullo
726 2786 772 2836 fint
781 2798 892 2850 ternpore
900 2798 973 2835 nate:

388 2855 479 2915 Quove
488 2854 564 2903 modo
574 2869 650 2921 genue
657 2852 788 2904 humanum
797 2852 907 2904 variante
915 2846 1017 2918 lequel!

388 2918 572 2985 cuperieiueer
580 2920 676 2973 sevesci
685 2935 729 3000 per
739 2918 943 2979 nominarerunit
958 2983 965 2996 .

387 2986 655 3056 tequibuiueucdie
661 2987 758 3044 Drrdm
765 3001 844 3045 tuetur
852 2988 970 3105 innuerit,

979 3070 993 3105 2
