2984 3900
458 519 965 601 TESTIMONIA.
1022 527 1105 604 xxix

378 644 584 728 cognitionem
599 641 736 706 inclusam
751 645 898 706 continete
914 645 1103 723 existimatur,

380 746 443 786 non
461 723 556 786 solltm
571 725 711 806 legimus,
731 727 920 787 verumetiam
935 725 1101 792 ediscimus:

381 802 549 867 Lucretium
571 803 628 864 stne
648 802 822 866 Fabulatum
837 806 992 886 taliumque
1013 827 1102 890 nuga·

380 905 447 965 rum
458 883 678 965 integumentis,
691 882 726 943 de
736 885 900 962 principiis,
920 893 946 946 &
957 886 1042 947 causls
1058 909 1102 948 re·

376 984 468 1030 ,mma
488 964 524 1023 de
538 962 669 1024 Mundor
684 961 719 1024 de
735 963 837 1024 Mundi
847 966 984 1041 partibus:
998 965 1032 1027 de
1043 964 1101 1027 viri

374 1039 484 1108 -beatir
505 1042 540 1104 de
556 1045 637 1103 rebus
657 1043 813 1104 coelestibus
833 1064 867 1104 ac
888 1045 1024 1115 terrenis,
1041 1067 1101 1106 non

384 1120 452 1183 vere
475 1118 559 1183 illum
579 1121 718 1200 quidem,
740 1144 831 1201 neque
845 1121 914 1201 pie,
938 1121 983 1184 sed
1004 1141 1100 1185 tamen

385 1199 568 1280 fimpliciter',
581 1208 607 1260 δι
619 1199 733 1279 aperte,
743 1208 771 1260 &
781 1220 813 1262 ut
823 1201 1011 1281 Epicureum,
1021 1205 1050 1263 in
1071 1225 1102 1263 e-

388 1279 488 1350 riost,
507 1287 535 1341 δι
551 1277 652 1349 acuti,
669 1287 696 1340 &
713 1279 837 1350 erudite,
853 1289 880 1344 8<
895 1280 1039 1363 purilstmo
1049 1225 1104 1344 ier-

386 1378 474 1422 mone
484 1357 622 1438 loquendi
630 1380 691 1421 non
700 1361 878 1439 audiemusfi'
923 1432 926 1439 ¹

426 1518 502 1580 Non
518 1517 616 1589 enim,
632 1519 651 1578 fi
666 1517 763 1579 multis
778 1516 877 1578 locisi
894 1518 1014 1581 Platone
1031 1516 1103 1581 dilli-

368 1597 454 1670 ·'rlet,
470 1619 551 1668 non,
568 1596 689 1657 limulta
704 1620 771 1659 cum
788 1599 927 1678 religione
937 1598 1031 1659 nostri
1050 1621 1103 1678 pu·

466 1679 507 1739 tia
520 1676 606 1747 dicit,
622 1675 727 1738 idcirce>
740 1699 776 1738 ea
790 1679 896 1749 etiam,
915 1700 974 1755 quae
989 1700 1054 1740 cum
1069 1680 1104 1739 il·

387 1701 488 1823 liffm
499 1755 763 1818 &Christianorum
778 1752 913 1828 sententil
925 1776 1104 1840 congruunt,

390 1838 521 1918 spernere
535 1837 681 1899 debemus.
698 1832 797 1914 Quim
837 1835 948 1898 raeclare
967 1837 1001 1897 de
1025 1837 1107 1897 co'e‘r-

388 1919 485 1983 cendis
507 1917 726 1995 voluptatibus,
753 1915 787 1977 de
814 1916 931 1980 edandis'
941 1917 1104 1979 animorum

387 2000 533 2067 motibus,
545 1997 580 2057 de
589 1998 692 2057 mentis
701 1998 901 2073 tranquillitate
910 1993 1102 2076 comparandi

380 2074 528 2160 ¹disputat!
544 2074 643 2153 Quim
651 2074 805 2146 subtiliter,
820 2084 847 2137 &
863 2098 893 2137 ar
931 2074 959 2137 te
973 2098 1040 2147 eos,
1053 2080 1101 2155 qui

389 2158 462 2220 nihil
478 2157 611 2235 percipi,
634 2154 760 2233 nihilque
776 2153 839 2217 sciri
874 2179 892 2216 0
914 2155 1102 2230 eaffirmant,

389 2240 442 2317 qui
456 2215 549 2299 lenlirs
565 2256 668 2307 omnes,
684 2235 799 2297 fallaces
818 2256 834 2294 e
856 2236 1002 2306 edicunt,
1022 2256 1106 2297 coare

428 2318 470 2387 ‘t,
485 2337 521 2377 ac
531 2312 650 2377 refellit!
667 2312 766 2393 Quim
776 2313 892 2391 copiose
907 2313 997 2376 sensus
1007 2315 1107 2375 delen-

409 2396 445 2459 ‘tl
458 2404 515 2458 &m
525 2434 578 2458 ..-.
590 2391 802 2474 Quimpulctae
812 2392 873 2455 sunt
886 2395 959 2472 apud
969 2416 1036 2455 eum
1046 2387 1105 2455 cles-

391 2476 544 2557 criptiones
560 2470 569 2534 !
591 2469 688 2550 Quim
705 2473 839 2543 venusta,
854 2491 886 2533 ut
896 2472 992 2534 Graeci
1006 2474 1103 2551 appel-

389 2556 476 2626 lant,
494 2550 645 2633 Episodia!
667 2554 753 2615 Bellae
768 2554 802 2614 de
818 2552 979 2621 coloribus,
993 2552 1027 2613 dc
1043 2552 1103 2630 spe»

392 2638 489 2708 culis,
509 2634 544 2695 de
560 2634 715 2717 Magnete,
734 2633 770 2694 de
790 2634 928 2702 Auernis,
944 2629 1105 2710 disputatio·

393 2714 463 2776 nes!
486 2710 585 2792 Quim
607 2735 706 2796 graves
728 2713 764 2774 ad
793 2714 992 2782 continenter,
1011 2710 1103 2790 juste,

395 2791 539 2855 moderate
554 2795 738 2869 ,innocenter
747 2792 918 2863 vivendum,
931 2789 1107 2860 cohortatin

394 2871 461 2954 nesi
476 2915 549 2942 0...
572 2870 652 2953 Quid
664 2873 699 2938 de
716 2874 776 2955 eius
789 2871 919 2941 sermone
933 2871 1107 2941 statuemus.i

942 3014 985 3074 ες
1043 3054 1045 3058 .
