2984 3900
481 560 657 629 uranu
690 559 970 646 Qururun
1045 586 1098 642 ως

385 664 479 718 omnia
486 680 622 716 commutat
629 665 737 722 Natura,
755 666 886 715 &vertere
894 663 974 730 cogit.

385 739 498 800 Namque
506 732 573 784 aliud
581 730 713 797 putrescit,
725 735 749 781 dr
757 746 809 781 nvo
820 730 901 781 debile
908 733 1023 798 languet:

386 804 468 854 Porri>
476 800 543 852 aliud
553 799 706 858 concrescit,
716 801 739 849 dt
749 800 762 849 e
772 799 954 864 contemptibus
961 799 1022 852 exit.

386 872 425 922 sic
436 869 513 936 igitur
521 867 607 918 Mundi
616 882 726 917 naturam
736 865 814 916 totius
822 881 878 917 atae

386 940 484 997 Mutat,
493 940 518 987 dr
527 953 556 986 ex
566 934 617 986 alio
627 950 718 985 terram
726 933 800 984 status
811 932 903 999 excipit
912 935 991 995 alter3

387 1006 464 1069 Quod
472 1002 573 1071 potuit,
582 1015 687 1069 nequeat
694 1019 702 1062 3
710 1001 798 1066 poffir,
809 1002 876 1068 quod
884 1018 935 1054 non
942 1002 1002 1054 tulit
1009 1003 1076 1056 ante.

420 1136 549 1202 Multaque
557 1151 611 1188 rum
618 1136 701 1188 Tellus
709 1133 784 1187 etiam
792 1151 909 1200 portenta
915 1153 998 1190 creare

388 1208 485 1256 conata
494 1205 528 1255 est
533 1226 545 1263 ·,
556 1204 703 1262 mirdfacie,
713 1203 873 1271 membrisque
882 1221 983 1264 coorta,

389 1273 584 1339 [Androgynunr
595 1271 659 1322 inter
667 1287 758 1331 utrum,
767 1287 813 1322 nec
823 1271 1102 1340 utrumque&utrinque

479 1343 621 1406 remotum]

389 1405 459 1458 Orba
467 1407 557 1471 pedum
564 1406 668 1473 partim,
680 1422 794 1457 manuum
804 1405 905 1460 viduata
914 1405 1033 1467 vicisfim3

388 1477 472 1531 Muta,
481 1476 530 1525 sane
539 1490 596 1533 ore,
607 1473 681 1526 etiarn
690 1510 698 1533 ,
708 1477 758 1525 srne
767 1475 840 1525 voltu
850 1491 911 1524 teca
920 1491 1016 1540 reperta
1025 1492 1033 1533 ς

389 1540 1053 1608 Vindaquemembrorumpertoturncorprrsadhaesu‚
1130 1546 1133 1550 '

387 1611 527 1661 Necfacere
534 1610 665 1675 utpoffent
672 1608 812 1675 quidquam,
820 1624 864 1658 nec
873 1609 960 1659 cedere
968 1628 1102 1676 quoquam,

387 1680 442 1729 Nec
450 1676 530 1730 vitare
539 1679 644 1736 malum,
653 1693 698 1727 nec
708 1679 818 1735 sumere,
830 1677 895 1743 quod
906 1679 971 1727 foret
979 1679 1043 1730 usna.

388 1748 482 1797 Cetera
490 1748 617 1813 degenere
624 1745 672 1797 boc
679 1744 799 1804 monstra,
810 1761 837 1794 ac
846 1759 962 1810 portenta
970 1745 1082 1797 creabat:

386 1813 571 1880 Nequicquam‚
583 1813 698 1880 quoniam
707 1829 794 1863 natura
803 1811 931 1864 absterruit
939 1815 1030 1865 aueum
1040 1829 1048 1872 3

386 1884 441 1932 Nec
450 1881 553 1945 potudre
563 1880 675 1945 cupitum
682 1879 760 1931 etatis
768 1895 867 1948 tangere
872 1880 975 1939 florem,

386 1952 443 2001 Nec
452 1948 559 2015 reperire
568 1947 661 2009 cibum,
674 1964 718 1998 nec
727 1947 796 2014 jungi
806 1965 849 2013 per
859 1948 963 2000 Veneria
972 1966 1020 2000 res.

387 2018 469 2068 Multa
476 2018 589 2069 videmus
597 2015 662 2067 enim
669 2016 895 2067 rebueconcurrere
903 2018 1008 2076 debere,

387 2091 421 2136 Ut
430 2086 591 2151 propagando
599 2084 690 2149 poliiirt
698 2085 834 2148 procudere
841 2085 919 2136 secla.

386 2153 479 2203 Pabula
487 2153 591 2218 primitm
602 2166 629 2202 ut
638 2154 697 2209 sunt,
710 2149 828 2217 genitalia
840 2150 929 2202 deinde
938 2167 981 2214 per
993 2166 1058 2203 attus

387 2220 484 2271 Semina
491 2222 538 2287 qud
546 2219 637 2284 poffint
643 2216 759 2271 membris
767 2236 863 2270 manare
870 2219 985 2277 reniffin

386 2287 537 2353 feminaque
546 2303 574 2338 ut
580 2287 687 2338 maribus
695 2285 812 2351 coniungi
820 2286 908 2350 polilt,
918 2287 1071 2344 habendum,

388 2357 475 2405 Mutua
483 2354 726 2421 queienedantintet
734 2357 759 2404 se
768 2353 872 2421 gaudia,
883 2354 999 2421 utrisque.

421 2503 609 2569 Multaqnetnnr
616 2504 732 2559 interiiffe
742 2507 867 2562 animantia
874 2510 941 2559 saetla
949 2509 1043 2563 necesse
1050 2509 1099 2569 est,

386 2575 441 2623 Nec
450 2571 556 2637 potuisse
564 2577 725 2640 propagando
735 2579 872 2641 procudere
880 2578 985 2642 prolrrn.

386 2644 452 2691 Nam
458 2656 605 2707 quecunque
615 2641 685 2693 vides
693 2644 759 2695 vesci
768 2644 885 2697 vitalibus
894 2643 957 2695 auris
966 2680 974 2702 ,

387 2709 443 2758 Aut
453 2708 539 2767 dolus,
550 2725 591 2760 aut
598 2708 676 2761 virtus
685 2746 693 2768 ,
703 2727 746 2762 aut
753 2712 856 2779 denique
863 2711 989 2768 mobilitas
996 2711 1030 2764 est

388 2779 424 2824 Ex
432 2774 530 2824 ineunte
539 2792 592 2826 evo
600 2793 676 2843 genus
682 2776 709 2828 id
719 2795 798 2831 tutata
806 2783 938 2832 reservant.

389 2842 516 2906 Multaque
523 2844 592 2901 sunt,
602 2845 674 2896 nobis
681 2862 710 2897 ex
719 2846 827 2898 utilitate
834 2846 873 2897 sual
882 2863 932 2913 quae

390 2909 568 2987 contuendam
575 2928 673 2990 mpnent
681 2915 764 2965 tutela
772 2915 862 2966 tradita
871 2914 965 2966 nostre.

390 2977 532 3052 stmcrprb2
541 2993 616 3047 geute
623 2996 680 3049 acto
690 2983 801 3049 leonum
808 2980 1002 3102 ,ΐηιςιιεῐοέι

986 3066 1001 3100 2
