2984 3900
455 558 923 647 attumulatus,
1007 574 1061 646 15'5

340 664 503 720 'Conveniunt
515 666 647 716 simulacra
660 664 723 716 soris
732 667 746 715 ὲ
755 680 862 728 corpore
873 681 987 729 quoque,

341 733 437 785 Nuntia
447 733 557 798 preclari
567 733 667 792 vahla,
677 732 824 797 pulchrique
835 731 944 783 coloris:

344 801 397 864 Qui
410 800 569 851 cietintitaua
580 801 638 850 loca
647 799 746 866 turgida
756 799 845 850 semine
858 799 962 856 multos

345 875 393 929 Ut,
403 867 595 932 quastttansadis
603 871 661 931 sept
669 867 779 918 omnibu’
788 867 870 924 rebu’,
882 867 1032 930 profundant
1128 913 1132 919 .

345 935 467 988 Fluminis
475 935 693 1002 ingenteafludua‚
703 935 842 999 vestemque
852 950 990 986 eruentem.

346 1007 460 1068 Namque
468 1003 528 1053 alias
536 1002 602 1053 aliud
610 1018 647 1053 ret
656 1017 815 1059 commovet,
826 1016 898 1066 atque
906 1002 1013 1053 laceliitt

348 1074 384 1121 Ex
395 1069 494 1121 homine
504 1071 633 1120 humanum
643 1073 725 1120 semen
735 1069 842 1120 citt'una
852 1068 959 1122 hominis
968 1067 1021 1128 νίας

347 1138 427 1208 ¹Quod
434 1139 579 1203 fimulatque
588 1137 635 1188 suit
644 1137 744 1202 ejtdum
752 1136 848 1201 sedibus
857 1135 918 1190 exit.

382 1270 538 1322 Sollicitatur
547 1268 573 1320 id
583 1270 609 1320 ia
622 1269 710 1329 nobis,
724 1272 791 1336 quod
801 1269 906 1321 diximus
915 1266 987 1325 ancl,

350 1343 455 1398 semen,
465 1338 547 1388 adulta
555 1353 609 1388 etat
618 1337 672 1388 <iun
685 1336 790 1403 primitia
801 1339 904 1388 roborat
913 1349 989 1385 artua·

351 1407 400 1457 Per
412 1406 535 1461 membra,
546 1419 618 1469 atque
627 1420 693 1456 attus
703 1405 804 1456 decedit
812 1419 917 1470 corpore
926 1415 985 1452 toto

351 1476 382 1524 In
390 1474 447 1523 loca
455 1470 605 1524 convenitne
614 1489 746 1524 nervorum
756 1487 837 1530 certa,
847 1470 946 1535 cietque

352 1539 480 1591 Continud
489 1556 571 1604 parcet
578 1539 697 1605 genitales
707 1539 820 1602 corporis
827 1539 897 1604 ipsas.

350 1608 557 1662 Intitatatument
564 1607 621 1657 loca
629 1608 719 1658 semine
728 1643 735 1664 ,
749 1606 823 1672 litque
832 1607 949 1657 voluntat

351 1676 447 1735 Eiicere
456 1673 498 1731 id,
511 1675 561 1740 qud
570 1677 593 1725 se
603 1674 733 1725 contendit
740 1674 793 1723 dira
801 1673 900 1732 libid03

351 1745 431 1808 quue
438 1741 503 1806 petit
516 1758 605 1805 corpus
614 1759 696 1800 mens,
706 1741 770 1792 unde
778 1741 812 1790 est
819 1739 899 1791 saucia
910 1750 1003 1788 amore.
1028 1798 1035 1812 .

353 1845 373 1871 ,‚
383 1812 496 1875 Namque
504 1823 589 1858 omnes
597 1811 739 1874 plerumque
755 1808 845 1858 cadunt
854 1806 879 1858 in
888 1806 986 1872 volunt,
996 1803 1019 1852 dt
1028 1798 1072 1850 illi

352 1895 371 1937 5,
382 1876 479 1928 Emicat
486 1876 511 1925 iu
519 1891 614 1940 partem
622 1876 731 1942 sanguis,
742 1876 806 1927 unde
816 1873 904 1925 icimur
915 1871 978 1928 idua

354 1980 374 2007 ‚‚
382 1941 562 1998 Etficominiu
570 1943 723 2003 est,h0sten
732 1943 805 1996 rubet
813 1957 918 2009 occupat
926 1938 1028 1992 humor.
1123 1964 1126 1971 ·

388 2098 428 2148 Sic
435 2095 526 2164 igitur,
535 2096 639 2166 Venetia
649 2095 691 2160 qui
700 2095 759 2146 telic
769 2095 860 2162 accipit
868 2096 960 2154 idum,

329 2168 334 2178 “
354 2165 412 2217 Sive
420 2182 480 2229 puer
488 2164 603 2215 membris
612 2162 773 2215 muliebribus
779 2166 844 2216 hunc
854 2164 995 2226 iaculatur,

356 2237 403 2284 Seu
412 2232 501 2283 mulier
509 2248 566 2283 toto
576 2235 662 2293 jadans
675 2233 804 2295 &corpote
814 2248 938 2290 amorem,

357 2302 428 2351 Unde
435 2300 538 2358 feritur,
548 2300 579 2351 ed
587 2298 682 2357 tendit,
693 2298 811 2364 gestitque
820 2296 904 2357 coire,

359 2371 391 2418 Et
398 2368 477 2430 jacere
490 2368 617 2418 humorem
627 2365 652 2416 in
662 2382 751 2429 corpus
760 2368 790 2416 de
799 2381 904 2430 corpore
912 2368 1024 2418 dudum:

357 2437 470 2498 Namque
478 2436 633 2498 voluptatem
643 2431 753 2498 praesagit
761 2433 838 2484 multa
846 2433 948 2497 cupido.

357 2506 418 2555 Hac
426 2505 510 2552 Venus
519 2502 552 2552 est
559 2501 647 2556 nobisa
658 2499 714 2550 hinc
725 2516 806 2553 autem
814 2499 848 2550 est
855 2516 945 2550 nomen
953 2498 1058 2552 amotitt

358 2570 426 2621 Hinc
435 2568 483 2620 illae
492 2569 596 2634 primum
606 2567 709 2618 Ventris
717 2567 855 2618 dulcedinis
863 2567 889 2617 in
900 2583 944 2618 cor

360 2636 472 2687 stillavit
479 2652 565 2702 gutta,
576 2641 599 2688 u
606 2635 717 2687 succeffit
728 2636 822 2686 fervida
832 2651 898 2688 cura.

361 2706 451 2768 Namfi
461 2704 533 2762 abest,
542 2705 607 2770 quod
615 2718 689 2759 amet,
697 2704 782 2765 praestd
791 2703 924 2760 fimulacta,
931 2715 1012 2753 tamen
1020 2700 1085 2751 lunt

360 2771 432 2834 Illius
440 2808 447 2830 ,
454 2776 481 2823 ’ἁ
491 2784 580 2823 nomen
588 2773 660 2823 dulce
669 2770 812 2822 obversatur
819 2772 853 2821 ad
858 2786 936 2822 aurea.

391 2907 550 2973 Seddt'gitate
558 2903 776 2964 dccetfimulacra,
787 2904 904 2969 &pabula
913 2899 1009 2953 amarit

355 2973 500 3030 Absterrere
507 2973 566 3036 ubi,
575 2990 646 3045 atquc
658 2971 708 3027 uid
719 2983 868 3027 convertere
877 2977 1006 3028 mentm.
