2984 3900
504 506 676 577 'arnan
704 504 972 595 ριιιιιιτιιι,
1057 517 1115 583 '199

403 613 452 666 vel
459 613 572 665 violenta
579 613 627 666 viri
637 648 644 671 ‚
653 609 692 663 vir
701 626 774 677 atque
784 609 993 675 impensalibido,

402 684 451 733 Vel
459 681 581 747 pretium,
592 681 709 746 glandes,
720 693 792 744 atque
801 680 902 739 arbuta,
914 683 955 731 vel
966 679 1019 745 pira
1028 679 1099 732 lecit.

400 754 433 801 Et
441 767 553 801 manuum
562 746 690 799 mirbfreti
699 746 972 813 virtute,pedu1nque,

402 812 918 869 Consebiabanturfilvcstriasaeclaferarurn

401 882 614 940 Miffilibussaxic,
624 885 646 933 ἃ
655 897 746 947 magno
756 882 867 944 pondere
874 883 961 932 clava:
976 906 980 913 ·

400 954 529 1016 Multaque
538 950 686 1006 vincebant,
695 948 808 999 vitabant
819 965 894 1012 pauca
905 948 1023 1010 latebri23

399 1014 972 1084 setigerisqueparcsSuibusfilvestriamernbra
1010 1055 1012 1060 .

399 1088 424 1137 N
428 1085 570 1137 udadabant
576 1098 646 1135 terrae
657 1087 777 1134 nonturno
785 1098 896 1146 ternpore
906 1082 988 1148 capti,

401 1153 501 1204 Circinn
508 1155 533 1202 se
541 1151 610 1202 foliis
622 1169 650 1201 ac
659 1147 788 1201 frondibus
796 1148 964 1203 involventes.

400 1222 454 1269 Nec
463 1220 582 1286 plangore
591 1216 657 1269 diem
664 1232 755 1283 magno
765 1218 910 1295 ,Solemque
918 1236 962 1283 per
971 1233 1046 1284 agros

401 1287 548 1348 Quaerebant
555 1285 655 1350 pavidi,
665 1285 774 1349 palantes
786 1285 863 1335 noctis
874 1301 900 1334 ιιι
908 1285 1016 1336 umbris:

398 1355 446 1403 Sed
455 1351 526 1403 taciti
535 1352 855 1417 respectabantdomnoque
863 1351 970 1416 sepulti,
1007 1367 1011 1370 ·

400 1419 466 1470 Dum
479 1418 608 1471 roseir‘ace
616 1420 658 1470 Sol
667 1418 955 1472 inferretluminaCoelo.

398 1488 424 1538 A
434 1487 517 1551 parvis
524 1487 590 1553 qubd
598 1485 662 1541 enirn
670 1485 814 1538 consuerant
821 1503 918 1543 cernere
929 1490 1023 1552 semper

397 1556 507 1619 Alterno
516 1555 643 1613 tenebras,
653 1559 675 1604 δι
684 1555 765 1604 lucem
774 1570 885 1618 tempore
894 1552 961 1619 gigni
971 1593 980 1613 ‚
1043 1604 1046 1614 ,

397 1624 458 1673 Non
467 1637 535 1679 erat,
546 1637 574 1673 ut
583 1619 634 1671 fieri
645 1619 738 1686 posset,
748 1621 859 1673 mirarier
868 1637 985 1686 unquam,

395 1690 450 1740 Nec
460 1689 588 1746 diffidere,
598 1704 628 1738 ne
638 1705 716 1739 terras
725 1704 813 1739 aeterna
821 1703 918 1740 teneret

396 1758 469 1816 Nox,
481 1757 507 1806 in
516 1771 661 1821 perpetuum
671 1757 778 1806 detracto
787 1756 879 1807 lumine
890 1755 968 1806 Solis:

394 1826 441 1874 Sed
451 1824 530 1889 magis
538 1822 602 1873 illud
615 1838 667 1873 erat
677 1839 752 1880 curae,
764 1824 904 1889 qubdsc’cla
914 1826 1020 1873 ferarum

392 1893 506 1944 Infestam
516 1888 609 1940 miseris
623 1889 743 1941 faciebant
753 1893 813 1956 saepe
821 1890 928 1958 quietern
939 1906 947 1952 5

394 1959 517 2023 Eieclique
527 1958 737 2023 domnficgiebant
745 1961 810 2010 saxea
818 1964 879 2011 reeta

393 2026 499 2093 Setigeri
509 2025 560 2077 Suis
569 2026 690 2081 adventu,
700 2025 824 2092 validique
830 2025 935 2084 Leonis,

392 2095 479 2159 Atque
488 2093 631 2156 intempesta
640 2093 759 2144 cedebant
767 2099 835 2146 noste
845 2107 961 2159 paventes

392 2158 927 2227 Hospitibussaevisinstracacubiliarronde.
987 2174 991 2182 “

426 2318 481 2365 Nec
491 2314 629 2367 ninnibturn
637 2314 705 2380 plica,
716 2316 787 2380 quim
796 2332 874 2373 nunc,
884 2312 999 2365 mortalia
1006 2312 1075 2363 saecla

391 2382 635 2446 Dulcialinquebant
643 2382 747 2434 labentis
755 2383 847 2435 lumina
855 2382 922 2434 vitae.

391 2456 458 2500 Unus
467 2450 531 2499 enim
540 2464 591 2501 turn
601 2449 700 2515 quisque
710 2450 789 2516 magis
798 2453 928 2516 deprensus
938 2463 1023 2497 eorum

389 2518 483 2567 Pabula
495 2516 555 2567 viva
565 2517 623 2566 feris
634 2520 754 2581 prebebat
763 2519 877 2569 dentibus
888 2516 998 2573 baustum

388 2589 422 2636 Et
430 2601 531 2634 nemora
540 2601 567 2634 ac
576 2600 673 2636 montes
682 2586 790 2651 gemitu,
800 2588 915 2649 filvasque
927 2582 1055 2647 replebat,

388 2652 455 2703 Viva
463 2650 551 2701 videns
557 2650 619 2703 vivo
628 2652 726 2718 sepeliri
735 2652 829 2705 viscera
840 2652 920 2703 busto.

387 2721 426 2770 At
435 2736 497 2782 quos
506 2718 756 2785 effugiumservbrat‚
769 2737 875 2785 corpore
885 2719 975 2774 adeso,

387 2784 510 2835 Posterius
518 2790 636 2837 tremulae
644 2791 715 2853 super
724 2789 805 2839 ulcera
814 2805 877 2840 tetra
887 2799 998 2836 tenentes

389 2851 487 2901 Palmae
497 2887 504 2910 ‚
514 2852 642 2906 horriferis
651 2856 764 2907 accibant
772 2856 875 2908 vocibus
885 2856 996 2909 Orcum,

384 2917 511 2972 Donicum
521 2936 565 2973 eor
575 2922 628 2977 viri
635 2923 763 2989 privarant
772 2923 883 2979 vermina
890 2926 965 3039 saga,

947 3001 968 3043 4
