2984 3900
388 520 405 574 r
568 504 605 580 Τ.
633 507 943 584 LUCRETH.

421 697 688 766 Postremd,quoniam
694 696 797 748 incultis
803 696 913 762 pressare
920 695 1033 750 videmur

390 771 465 821 Culta
472 770 546 826 loca,
556 771 579 818 de
587 765 698 818 manibus
706 763 823 816 meliores
832 764 935 816 reddere
941 770 1031 818 lotura

388 826 443 888 Esse
452 834 572 888 videlicet
580 833 607 884 in
616 833 689 886 terrie
697 830 834 898 primordia
841 847 939 892 rerum,

317 913 319 915 ’
390 898 1009 967 Quaenor,fncuudarvertenteuvomereglebae,

388 970 524 1087 Terra'r'ique
533 969 612 1020 solum
624 967 779 1034 subigenteo,
790 964 868 1018 eimua
878 967 908 1017 ud
921 979 1000 1019 orme.

388 1039 466 1100 Quod
484 1037 569 1087 inulla
579 1034 770 1094 forent,noslro
781 1034 830 1085 sune
843 1048 940 1098 queque
948 1034 1039 1085 labore

388 1111 481 1171 Spoute
489 1101 530 1155 sul
541 1101 622 1154 multd
630 1101 683 1154 fieri
697 1099 803 1155 meliora
816 1097 924 1153 viderer·

422 1240 480 1289 Huc
490 1235 600 1294 accedit,
612 1235 648 1288 uti
657 1217 763 1302 quidque
771 1235 798 1286 in
806 1238 847 1286 sua
859 1248 964 1298 corpora
973 1233 1067 1285 rursum

390 1304 518 1358 Diffolvat
525 1305 619 1354 Natura
627 1339 635 1364 ,
644 1303 762 1370 nequead
771 1302 875 1355 nihilum
882 1299 1010 1352 interimat
1017 1312 1065 1352 ret·

424 1437 506 1496 Nam,
516 1439 533 1489 fi
543 1436 603 1503 quid
608 1438 715 1490 mortale
722 1438 737 1488 ὲ
745 1435 836 1487 cundlir
843 1433 953 1500 partibor
960 1430 1037 1495 efl‘et,'

390 1507 426 1554 Ex
436 1501 516 1553 oeulis
525 1520 670 1571 torqueque
682 1503 783 1569 repente
791 1519 875 1567 erepta
887 1500 995 1566 periret3
1082 1510 1085 1516 ’

390 1569 468 1621 Nuus
477 1569 503 1620 ri
511 1575 579 1622 foret
586 1574 640 1622 usus
649 1571 730 1629 enim,
741 1587 792 1636 que
801 1569 910 1635 partibus
919 1568 970 1629 eiua

392 1634 532 1690 Discidium
542 1655 642 1703 parere,
653 1643 676 1690 dt
684 1654 760 1690 neruo
773 1637 899 1688 exsolvere
908 1632 996 1699 poss'et.

294 1720 299 1733 ·
392 1706 432 1756 At
444 1719 524 1764 nunc,
538 1720 629 1756 eterno
641 1705 698 1771 quia
710 1703 822 1755 constant
832 1702 1044 1770 seminequeque‚

393 1772 482 1822 Donec
495 1771 534 1823 vit
543 1771 622 1831 obiit,
634 1789 684 1838 quae
692 1789 731 1823 res
740 1771 881 1823 diverberet
890 1769 954 1828 idu,

392 1840 449 1890 Aut
457 1838 521 1890 iutira
534 1853 647 1904 penetret
657 1857 700 1904 per
710 1838 808 1899 inania,
825 1836 1005 1902 dissolvarque,

393 1905 495 1959 Nullius
507 1905 609 1960 exitium
616 1905 709 1971 patitur
716 1909 811 1961 Natura
819 1901 909 1957 videri.

425 2043 560 2101 Preterea,
570 2055 725 2119 quecumque
735 2040 853 2093 vetustate
862 2055 963 2093 amovet
973 2048 1046 2110 ιω]

394 2108 421 2161 si
430 2109 527 2175 peninia
535 2108 637 2173 perimit
647 2112 789 2159 consument
804 2106 931 2160 materiem
940 2125 1055 2167 omnem,

394 2177 466 2227 Unde
476 2174 578 2227 animale
587 2194 663 2242 genus
673 2172 808 2242 generatim
818 2174 843 2225 in
852 2174 945 2226 lumina
953 2176 1011 2228 vite

398 2242 509 2295 Redutit
517 2246 616 2293 Venus!
626 2243 800 2294 autredudlurn
808 2243 908 2294 Daedala
922 2245 997 2295 tellus

397 2312 466 2361 Unde
476 2310 539 2369 ulit,
554 2326 625 2376 utque
635 2324 724 2376 auget,
737 2309 872 2375 generatim
882 2311 970 2374 pabula
980 2312 1100 2375 praebenti

395 2378 466 2428 Unde
475 2394 557 2437 mare,
569 2376 668 2443 ingenui
679 2381 775 2433 fontes,
785 2390 930 2441 externaque
938 2377 1016 2443 longe

395 2444 510 2496 Flumina
517 2443 688 2509 suppeditant?
698 2444 766 2493 Unde
775 2443 849 2493 ether
857 2445 931 2494 fidere
941 2443 1036 2507 pascit-i

398 2511 490 2561 Omnia
499 2510 563 2563 enim
574 2512 663 2571 debet,
675 2507 775 2560 mortali
786 2526 891 2574 corpore
905 2514 1017 2575 quaesunt
1026 2545 1040 2574 2

395 2576 495 2631 Infinita
502 2594 558 2630 etat
571 2580 726 2642 consumpse,
739 2580 844 2626 anteadla
854 2575 960 2641 diesque.

387 2648 474 2709 Qudd
483 2647 500 2698 sr
510 2646 537 2697 in
547 2663 577 2697 eo
588 2644 681 2711 spatio,
693 2658 764 2707 atque
774 2642 880 2695 anteaul
891 2659 960 2695 etate
969 2644 1055 2706 suere,¹

398 2717 418 2764 E
432 2713 518 2779 quibus
527 2714 575 2764 hec
584 2728 664 2763 rerum
674 2710 780 2761 confistit
788 2713 879 2761 summa
892 2714 995 2772 referta,
1052 2710 1055 2715 ’

397 2779 536 2832 immortali
544 2783 600 2832 sunt
607 2776 692 2829 naturl
703 2776 804 2843 predita
814 2780 889 2831 terte.
995 2809 998 2814 -

395 2844 1013 2924 HaudigiturposluntadNilumquequereverti·
