2984 3900
438 530 480 604 T.
501 532 780 608 LUCRETII
808 529 963 602 CARI.
1030 554 1079 606 xv

355 649 452 716 uerbis
469 669 540 712 exce
559 648 614 719 tis,
631 668 693 726 quae
713 645 803 708 Po'e'ta
819 666 869 709 aut
879 646 929 709 suo
944 647 1005 727 jure
1022 648 1078 709 fin-

356 732 421 801 xit,
433 747 483 792 aut
492 733 528 792 ab
573 727 644 788 nnio
654 732 682 787 &
692 726 755 786 aliis
764 727 828 788 fieta
839 727 981 808 usurpavit
992 768 1002 799 ,
1021 749 1077 807 po·
1107 733 1110 741 '

357 808 410 871 test
419 809 529 871 Orator
538 829 575 880 ex
583 805 721 868 sermonis
729 826 852 886 genere,
861 828 919 887 quo
929 807 1077 871 Lucretius

352 888 398 951 est
406 886 486 960 usus,
499 888 661 949 orationem
672 884 873 950 suamefficere
883 886 1009 966 primdm
1017 909 1075 967 pu-

354 969 484 1039 riorem,
496 984 580 1045 atque
595 965 821 1048 elegantiorem,
839 966 940 1028 deinde
956 968 1076 1031 uberio-

354 1065 466 1109 renunc
475 1047 654 1108 nitidiorem:
667 1045 761 1107 liuere
771 1045 806 1105 ad
814 1048 1074 1110 rerumtradlanda·
1187 1094 1189 1101 ,

352 1145 422 1188 rum
437 1127 579 1188 rationem
596 1141 772 1194 convertas,
790 1122 879 1187 habet
893 1124 967 1187 unde
978 1127 1077 1190 faceta

351 1203 440 1345 Pofflt
449 1207 612 1276 orationem
618 1204 790 1274 elatiorem,
803 1205 1010 1290 grandiorem,
1022 1226 1074 1271 ex-

353 1305 391 1348 ce
423 1305 517 1349 orem.

396 1441 651 1524 Quemadmodum
660 1439 740 1515 enirn
756 1442 801 1504 Μ.
812 1441 917 1509 Julliua
927 1443 1077 1510 Periclem

351 1523 464 1604 illum,
481 1524 535 1605 -qui
562 1523 730 1607 fulgurare,
753 1540 854 1583 tonare
871 1563 881 1593 ‚
903 1524 1071 1603 permiscere

351 1602 501 1666 Grachm
524 1600 690 1669 durbanu,
715 1598 752 1663 ed
775 1601 883 1663 canerit
899 1602 1072 1668 Oratoribus

347 1681 504 1764 przfficilst
512 1681 600 1751 dicit,
610 1678 686 1758 qubd
697 1679 878 1762 Anaxagorae
890 1681 999 1760 Physici
1014 1706 1071 1747 au·

351 1762 431 1824 ditor
441 1759 552 1834 fecissen
572 1766 599 1820 dc
611 1759 843 1821 'Demoffluenem
855 1761 960 1832 illum,
981 1784 1074 1842 quem

351 1840 504 1924 Longinus
529 1839 624 1902 scribit
635 1839 714 1932 ignia
731 1837 838 1930 instar,
858 1860 981 1912 eorum,
997 1864 1074 1937 quos

350 1919 468 1985 afficere
485 1921 577 1990 uelit,
597 1939 711 1981 animos
728 1919 899 1990 incendere,
920 1938 1003 2023 atque
1024 1945 1071 1986 rn-

349 2002 503 2064 flammare
513 1998 615 2072 ,tanto
624 1998 768 2078 majorem
776 1997 905 2069 evafillia,
917 2003 993 2081 quod
1002 2002 1070 2067 Pla-

349 2099 455 2143 tonem
466 2081 496 2143 in
506 2074 665 2142 Academil
678 2076 713 2138 de
727 2076 835 2139 rebusd
847 2077 925 2142 sensu
936 2084 1074 2163 popular&¹

348 2161 472 2223 remoris
491 2159 679 2239 disputantem
698 2154 862 2220 audivisset:
890 2158 930 2222 ira
946 2164 1069 2227 arbitror

349 2236 658 2316 camoratorem,qui
668 2233 789 2322 studiosi
796 2235 960 2302 Lucretium
970 2243 1067 2326 legat,

346 2317 450 2381 -mulcb-
460 2320 588 2399 majores
603 2313 768 2377 indicendo
783 2313 890 2379 sonitus
899 2320 1066 2398 editurum,

346 2392 1068 2559 ‘sfflffimillinffiliisssiffpffi

530 2545 533 2551 ,
582 2514 596 2546 Ί
910 2517 920 2547 2

347 2713 387 2777 de
399 2735 499 2779 earum
517 2714 702 2778 concursione
718 2710 855 2785 fortuiti,
871 2720 899 2774 δι
914 2714 949 2777 de
965 2736 1068 2781 earum-

345 2795 566 2888 motu—triplici,
582 2799 610 2853 δι
619 2792 754 2857 similibus
767 2795 864 2863 rebus,
878 2793 913 2856 ad
926 2795 1065 2874 eloquen-

345 2872 979 2958 tiaerucrementumacpondusacquu‘ruudum
987 2875 1067 2948 Ora«.
