2984 3900
419 548 478 615 '178
620 529 1007 612 mucium

418 639 537 693 Materies
544 642 670 701 humoris,
680 647 704 694 dr
711 645 742 694 ad
752 655 826 708 caput
838 629 949 695 amnibus
956 631 1038 696 omnir

420 709 561 769 Convenit3
571 711 629 762 inde
636 715 708 775 super
715 726 792 760 terres
800 709 859 761 fluit
867 711 964 776 agmine
974 710 1062 770 dulci,

417 776 477 846 Qui
483 775 524 829 via
532 780 593 830 seda
601 780 675 830 semel
682 776 780 844 liquido
786 779 850 843 pede
859 778 952 830 detulit
958 779 1046 833 undar.

450 905 520 960 A'e’ra
530 923 594 959 nuuc
601 907 679 976 igitur
685 908 780 968 dicam,
791 909 950 976 quioorpore
957 921 1017 965 toto

387 975 967 1051 ›Innumerabilirerprivermutatirrinhoror:
1063 1009 1066 1015 ·

372 1058 376 1065 ·
417 1045 518 1108 Semper
526 1042 591 1094 enim
602 1047 764 1112 quodcunque
773 1044 831 1097 fluit
838 1047 869 1097 de
878 1047 965 1106 rebus,
979 1045 1006 1097 id
1017 1056 1092 1100 omne

417 1109 1024 1180 Aerieinmagnumferturmaru'quinificontrd

417 1180 531 1242 Corpora
539 1180 659 1231 retribuat
666 1180 736 1233 rebus
746 1216 754 1239 ‚
765 1193 905 1246 recreetque
913 1182 1037 1241 fluenter,

418 1244 510 1295 Omnia
522 1247 570 1308 jam
579 1250 685 1300 resoluta
693 1251 790 1309 fore'nt,
800 1251 824 1298 dr
833 1247 858 1297 iu
866 1253 921 1300 adra
930 1251 1010 1302 verse.

417 1310 579 1379 Haudigitur
588 1317 659 1366 cellar
668 1313 738 1381 gigni
748 1315 873 1374 derebur,
884 1314 940 1366 &in
950 1331 989 1366 ree
1027 1340 1029 1346 .
1083 1347 1096 1358 «.

415 1378 538 1434 Recidere
546 1383 651 1442 assidui,
662 1381 779 1448 quomam
787 1381 864 1434 fluere
872 1381 955 1434 omnia
962 1379 1068 1435 constat.

450 1511 544 1581 Largus
553 1509 613 1563 item
621 1511 711 1577 liquidi
722 1518 779 1565 fone
786 1514 899 1572 luminis,
910 1512 1024 1567 retheriur
1033 1513 1077 1567 Sol

364 1584 373 1599 ”
416 1580 947 1647 lurigataffidueCoelumcaudoreseceuti,

415 1647 609 1714 Suppeditatque
617 1663 685 1698 novo
695 1646 822 1699 confestim
831 1647 924 1701 lumine
932 1650 1027 1702 lumen·

415 1713 481 1767 Nam
489 1714 594 1781 primum
604 1714 720 1781 quidquid
728 1715 836 1781 fulgoris
845 1714 950 1781 disperit
957 1715 990 1767 eii
1000 1751 1008 1774 ‚

417 1783 571 1848 Qubcunque
582 1782 687 1834 accidit:
698 1783 725 1834 id
732 1782 794 1834 licet
803 1782 860 1834 hinc
870 1786 1021 1849 cognoscere
1029 1780 1116 1850 polilt,

417 1853 494 1915 Quod
504 1851 573 1903 simul
583 1867 611 1901 ac
619 1851 725 1914 primum
734 1852 809 1902 nubes
817 1852 946 1902 succedere
952 1850 1006 1902 Soli

417 1918 520 1986 Coepire
528 1955 535 1977 ‚
544 1917 657 1970 &radios
665 1918 731 1971 inter
740 1920 803 1985 quafi
810 1935 924 1985 rumpere
934 1918 1014 1989 luein,

415 1988 548 2053 Extemplb
560 1986 663 2038 inferior
671 2004 726 2052 part
734 1987 822 2039 horum
832 1986 935 2055 disperit
944 1985 1025 2037 omnir
1034 2012 1043 2044 ‚·

415 2060 539 2122 Terraque
550 2054 715 2113 inumbratur,
727 2055 774 2120 qud
781 2054 859 2105 nimbi
868 2071 963 2121 cunque
971 2058 1100 2114 ferunru13

415 2130 450 2175 Ut
457 2128 543 2176 noscas
550 2123 680 2189 splendore
689 2140 758 2174 novo
768 2140 806 2172 res
813 2125 906 2186 semper
913 2139 1002 2188 egere,

415 2195 448 2243 Et
456 2190 562 2257 primum
571 2193 657 2255 jadeum
664 2189 771 2257 fulgoris
781 2207 898 2256 quemque
908 2188 1004 2255 periret

415 2260 471 2310 Nec
481 2259 575 2309 ratione
585 2258 633 2309 alid
644 2276 681 2309 rer
690 2257 758 2323 posse
768 2256 793 2307 in
801 2259 858 2309 Sole
869 2256 950 2308 videri
960 2292 968 2317 ‚

413 2327 539 2392 Perpetuo
547 2324 790 2392 nisuppeditetlucis
802 2340 876 2391 caput
885 2324 973 2391 ipsum.

451 2475 601 2539 Quinetiam
611 2485 726 2532 notruma
733 2479 796 2539 tibi,
807 2476 929 2546 terrestrig
937 2489 989 2544 qun
996 2480 1066 2539 sunt,

414 2544 531 2603 Lumina,
541 2548 674 2609 pendentes
681 2543 781 2614 lychni,
794 2549 911 2610 elaraeque
919 2545 1029 2598 coruscis

413 2612 562 2678 fulguribus
569 2612 673 2681 pingues
681 2614 759 2665 multi
768 2613 874 2679 caligine
885 2616 965 2671 tede,

415 2678 543 2732 Consimili
552 2695 685 2745 properant
694 2682 807 2740 ratione,
818 2683 906 2731 ardore
916 2678 1030 2730 ministro
1039 2717 1048 2738 ,

414 2746 573 2813 Suppedirare
580 2766 674 2800 novum
683 2752 782 2807 lumen,
792 2764 897 2799 tremere
905 2746 1005 2813 ignibus
1014 2745 1116 2799 instant:

415 2816 521 2872 Instant,
531 2831 574 2867 nec
584 2818 643 2868 loca
651 2818 693 2869 lux
702 2816 767 2867 inter
776 2816 840 2882 quasi
849 2829 922 2877 rupta
930 2813 1065 2880 relinquite

416 2887 494 2949 usque
504 2883 564 2936 adeo
575 2901 735 2951 properanter
744 2886 774 2935 ab
783 2880 897 2933 omnibus
905 2880 1006 2947 ignibus
1016 2883 1068 2950 ciue

415 2950 524 3005 Exitium
533 2952 607 3007 celeri
615 2953 736 3008 toleretur
743 2948 841 3023 origine
851 2948 964 3005 flamme.
