2984 3900
472 523 651 602 [ΙΒΕΗ
679 522 969 618 QUARTUS.
1048 555 1100 616 151

384 634 418 687 Et
426 634 574 703 dispergitur
583 638 613 687 ad
623 652 704 715 partes
715 636 751 686 ita
759 633 980 712 quasque'minurae

386 703 520 768 corporis.
529 703 595 754 Hinc
610 704 688 770 igitur
697 705 771 754 rebus
779 703 807 753 fit
818 717 933 767 utrmque
944 701 1054 765 duabus,

386 773 487 834 Corpus
495 769 546 829 uti,
558 771 679 829 ornavit,
689 771 754 822 velis
762 786 885 835 ventoque
894 774 997 821 seratur.

385 838 441 886 Nec
450 853 533 888 tamen
542 837 605 890 illud
615 838 687 889 inhio
698 839 770 888 rebus
780 838 892 888 mirabile
902 837 1012 896 constntc

386 906 492 954 Tantula
502 905 568 969 qnod
577 922 671 957 tantum
681 924 772 970 corpus
780 906 923 970 corpuscula
930 900 1022 968 possint

387 974 560 1037 Contorquere
569 1009 576 1031 ‚
586 977 609 1024 ἃ
618 990 680 1024 onus
689 981 771 1024 totum
780 988 926 1024 convertere
935 971 1055 1024 nostrunr'.

387 1039 488 1103 Quippe
496 1038 586 1090 etenim
594 1057 682 1092 ventus
692 1039 776 1091 subtili
787 1057 892 1104 corpore
900 1037 981 1090 tenuis

385 1107 477 1157 Trudit
487 1123 560 1173 agens
570 1125 683 1174 magnam
695 1123 787 1172 magno
797 1106 925 1158 molimine
934 1104 1033 1167 navim3

385 1175 419 1224 Et
427 1189 511 1223 manus
521 1190 567 1224 una
576 1175 642 1241 regit
650 1174 782 1240 quantovis
793 1174 884 1238 impete
893 1188 990 1224 euntem
999 1189 1007 1229 r

384 1243 471 1306 Atque
479 1241 652 1306 gubernaclum
665 1259 814 1307 contorquet
823 1242 872 1307 quo
880 1241 943 1291 libet
951 1256 1035 1290 unum.

384 1308 514 1372 Multaque
522 1310 713 1372 pertranseas,
728 1312 753 1359 <sc
765 1317 880 1374 tympana
889 1308 1000 1372 pondere
1009 1323 1099 1373 magno

385 1376 551 1434 Commovet,
562 1391 634 1441 atque
642 1375 694 1429 levi
704 1375 811 1427 sustollit
823 1375 934 1427 machina
943 1373 1006 1425 nisu.

420 1510 494 1559 Nunc
502 1507 588 1574 quibus
594 1507 637 1557 ille
650 1507 731 1557 modis
739 1508 837 1556 somnus
847 1522 891 1570 per
902 1506 1012 1558 membra
1020 1505 1103 1575 quiete

387 1575 497 1642 inriget,
508 1590 579 1640 atque
588 1574 672 1625 Animi
681 1592 751 1624 curas
760 1577 773 1625 ἐ
782 1579 879 1636 penore
889 1575 985 1632 solvar,

387 1643 525 1694 Suavidicis
531 1642 630 1707 potiris,
641 1643 711 1707 quim
721 1639 807 1692 multis
817 1641 939 1699 versibus,
952 1643 1036 1695 edamt

387 1711 483 1761 Parvus
492 1727 520 1762 ut
528 1711 561 1760 est
571 1709 648 1776 Cycni
657 1709 747 1759 melior
756 1718 844 1766 canor,
855 1707 900 1758 ille
909 1710 1006 1760 Gruurn
1016 1706 1087 1777 quim

388 1779 507 1835 Clamor,
517 1777 542 1827 in
550 1777 654 1842 aetheriis
664 1775 782 1842 dispersus
790 1775 894 1826 nubibus
902 1775 996 1829 Austri.

387 1847 440 1902 Tu,
451 1845 513 1894 mihi
522 1847 552 1895 da
561 1861 646 1894 tenues
656 1861 740 1902 auree,
751 1842 905 1909 animumque
913 1846 1039 1910 sagacem,

386 1914 429 1965 Ne
438 1911 491 1963 fieri
499 1911 608 1978 negites,
622 1928 671 1977 que
682 1912 779 1971 dicam,
792 1909 873 1975 posse3
888 1926 1005 1980 retroque

390 1982 456 2031 Vera
464 1980 595 2045 repulsanti
608 1980 718 2031 discedas
725 1983 822 2044 pestore
831 1977 909 2038 dista,

388 2052 505 2101 Tutemet
514 2048 541 2098 iu
549 2048 621 2113 culpi
631 2047 685 2099 cinni
692 2050 738 2107 sis,
750 2063 782 2097 ne
790 2063 889 2096 cernere
896 2046 980 2112 possis.

423 2199 553 2266 Principii)
561 2203 658 2251 somnus
665 2200 709 2260 sit,
720 2199 761 2251 ubi
770 2201 804 2253 cst
813 2202 921 2253 distineri
928 2203 973 2267 per'
981 2217 1048 2256 arten

389 2266 774 2334 VisAnimae,partimque'soris
785 2270 857 2331 ejecta
869 2269 981 2329 recessit3

387 2337 421 2385 Et
429 2336 518 2399 partim
528 2339 640 2387 contrusa
649 2334 727 2403 magis
736 2336 854 2387 concessit
861 2336 887 2386 in
895 2339 971 2394 altum
981 2356 989 2390 t

390 2401 566 2454 Dissolvuntur
574 2402 638 2453 eninr
646 2419 698 2453 turn
708 2403 805 2454 demum
815 2405 937 2462 membra,
949 2404 1087 2472 fluuntque.

390 2470 456 2519 Nam
467 2470 566 2521 dubium
575 2488 625 2520 non
634 2470 682 2528 est,
692 2469 796 2521 Anima'i
805 2470 865 2535 quin
873 2470 947 2535 operi
958 2472 986 2521 fit

388 2540 473 2588 Sensus
481 2538 521 2587 hic
531 2537 556 2589 in
564 2538 652 2594 nobie,
664 2554 734 2602 quem
744 2538 799 2589 cum
808 2541 882 2602 sopor
891 2537 997 2602 impedit
1005 2536 1068 2595 esse,

392 2608 456 2655 Tum
466 2604 538 2655 nobis
545 2605 660 2656 Animam
669 2606 833 2668 perturbatam
843 2604 889 2656 effe
897 2606 1030 2670 putandrnn
1039 2604 1089 2665 est,

391 2675 543 2737 Eieceamque
552 2674 617 2723 foris
625 2691 633 2723 r
641 2688 690 2722 non
701 2689 813 2732 omnem3
823 2673 1023 2752 namquejaceret

392 2737 498 2790 AEterno
507 2757 597 2805 corpur
604 2744 724 2805 perfirsum
734 2740 828 2807 frigore
837 2741 910 2792 lethi.

392 2807 492 2871 Quippe
500 2808 542 2858 ubi
550 2809 618 2859 nulla
627 2807 705 2859 latens
713 2808 818 2859 Anima‘i
824 2825 879 2873 pars
890 2817 1028 2859 remaneret

391 2878 421 2925 In
430 2875 560 2933 membris,
571 2874 651 2926 cinere
662 2890 688 2927 ut
695 2876 773 2928 multi
780 2878 842 2927 latet
851 2877 952 2927 obrutus
962 2872 1041 2940 igme,

390 2943 461 2995 Unde
469 2941 686 2998 reconfluireusu
692 2959 737 3012 per
745 2944 980 3063 membrarepertssff
