2984 3900
467 544 1016 661 mucnem··eAR1.'
1065 579 1105 682 'xj

384 702 469 769 lille:
497 706 621 767 alterum
647 705 711 765 luce
729 701 862 780 populari
882 725 1005 773 carere,
1025 700 1108 765 suum

389 781 890 942 lissllll²⁸f¹i1d¹¹3ssl2l¹ddss
893 782 1109 932 diffisi

556 903 567 933 5
1066 905 1077 935 5

388 941 436 1005 sed
457 942 535 1025 finge
554 943 593 1004 ita
611 939 748 1005 evenisse:
765 941 868 1019 procul
885 942 972 1005 dubio
990 942 1037 1011 is,
1055 940 1108 1021 qui

390 1022 570 1085 AEdilitatem
589 1022 647 1083 mu'
669 1042 753 1090 rem,
772 1019 947 1090 Praeturam,
968 1018 1110 1082 Consulu-

391 1120 455 1165 tum
472 1101 588 1178 adeptus
604 1041 694 1169 esset,
711 1116 744 1159 ut
758 1099 889 1172 Marcus,
909 1100 1052 1161 Senatorii
1063 1119 1112 1160 or·

389 1177 723 1254 dinissadluselset3ille
742 1178 836 1248 alter,
858 1179 1030 1258 quinullum
1046 1200 1110 1240 ma·
1187 1201 1191 1206 ·

412 1256 540 1319 'stratum
552 1255 692 1339 gessisset,
712 1257 742 1316 in
763 1255 883 1335 equestri
907 1258 1005 1321 ordine
1026 1279 1110 1319 man·

436 1352 477 1400 et.
494 1335 563 1397 Hoc
578 1336 654 1398 idem
670 1336 706 1397 de
718 1334 816 1396 nostro
827 1337 898 1401 Tito
911 1339 1005 1400 dicere
1021 1339 1110 1410 licet,

396 1434 466 1478 eum
482 1412 602 1493 equestri
623 1415 721 1477 ordine
740 1432 908 1479 contentum
925 1416 1025 1490 fillffe,
1042 1417 1111 1481 edm

392 1494 456 1576 ejus
472 1495 644 1575 propinqui,
664 1491 738 1573 qudd
756 1494 784 1554 se
805 1495 840 1554 ad
859 1497 964 1575 Remp.
978 1494 1112 1559 adminis-

391 1575 549 1645 trandam,
570 1579 599 1634 dr
614 1574 649 1634 ad
663 1572 841 1653 magistratus
853 1576 992 1657 gerendos
1007 1595 1111 1638 contu-

391 1655 504 1722 lerant,
520 1654 670 1715 Senatores
687 1654 753 1713 fani
772 1652 868 1715 esstnt.
889 1654 961 1733 Quo
973 1656 1066 1734 polito
1082 1662 1111 1717 ἔτ

391 1730 545 1803 concesso,
560 1732 658 1793 licebit
667 1752 734 1793 eum
748 1733 849 1794 referre
863 1735 900 1794 in*
910 1736 1051 1797 familiam
1063 1753 1113 1798 aut

391 1810 611 1891 vespillonum,
627 1828 676 1873 aut
686 1809 871 1883 Ofellamm,
884 1831 916 1875 ut
929 1832 1028 1893 praeter
1042 1836 1112 1893 ptae·

392 1913 504 1955 nomen
523 1892 601 1962 Titi,
618 1897 645 1950 8(
665 1912 774 1952 nomen
793 1889 939 1963 Lucretii,
958 1900 985 1956 dt
1002 1916 1037 1957 co
1058 1916 1112 1956 no·

392 1971 665 2041 menCari,velfis
678 1972 1036 2051 appelleturT.Lucretius
1072 1973 1113 2036 es

392 2052 469 2133 pillo
481 2052 586 2113 Carus:
600 2052 647 2114 vel
657 2051 694 2112 fic
700 2093 712 2122 ,
728 2052 768 2114 T.
778 2050 925 2113 Lueretius
938 2052 1036 2115 Ofella
1047 2050 1114 2117 'Ca-

392 2154 451 2196 rus.
468 2133 516 2192 De
533 2130 643 2192 duobus
662 2133 863 2213 cognomentis
879 2151 976 2194 autem
991 2128 1114 2199 dussitari

392 2233 458 2274 non
465 2212 558 2272 debet.
571 2210 694 2272 Nullum
705 2212 784 2271 enim
800 2212 943 2274 dubitandi
954 2215 1052 2276 locum
1068 2236 1120 2277 re·

393 2291 528 2370 linquunt
537 2290 571 2351 P.
584 2289 737 2350 Cornelius
748 2289 885 2351 lentulus
892 2292 980 2362 Sura,
993 2292 1026 2356 Ρ.
1035 2294 1117 2355 Cor-

392 2373 485 2433 nelius
505 2367 643 2430 Lenntlus
663 2368 821 2445 Spinther,
838 2368 880 2446 Q.
894 2369 998 2432 Fabius
1016 2373 1114 2434 Maxi-

394 2470 457 2514 mus
468 2447 663 2516 Verrucosus,
690 2446 725 2511 1..
748 2449 901 2509 Cornelius
916 2450 996 2527 Sylla
1009 2451 1109 2522 Felix,

392 2527 429 2594 L.
447 2528 619 2611 Calpurnius
630 2524 693 2587 Piso
706 2525 794 2610 Frugi
807 2548 817 2599 ;
834 2533 861 2587 ἃ
874 2528 925 2588 alii
937 2567 947 2598 ,
959 2551 1035 2608 quos
1045 2532 1113 2592 lou·

391 2609 689 2692 gtmtfitenumerate.

440 2767 512 2830 Haec
522 2764 583 2829 sunt
595 2787 655 2843 quae
666 2766 700 2827 de
710 2765 749 2828 T.
768 2763 893 2830 Lucretii
908 2787 1013 2848 genere
1025 2788 1111 2830 com·

391 2866 471 2928 perta
483 2845 555 2909 sunt.
572 2844 707 2906 Eusebius
723 2864 820 2907 autem
838 2845 980 2925 Pamphili
992 2845 1026 2910 F.
1041 2867 1110 2910 eurn

389 2945 488 2992 natum
508 2922 564 2990 else
583 2923 703 2987 tndidit·
721 2924 896 3006 Olympiade
917 2946 1026 2996 cnxxr.
1052 2925 1113 2995 boe
