2984 3900
433 546 547 677 mvnj'
617 579 1015 652 murorum

434 712 469 756 ut
483 695 513 755 in
526 694 577 766 iis,
593 715 654 773 quae
671 695 728 756 sine
742 692 933 758 controverfil
949 715 1015 757 vern
1029 693 1108 767 sunt,
1120 693 1154 758 lii

436 771 546 834 bentibs
556 774 785 852 acquiescamus,
801 773 1023 853 constantibsque
1037 797 1153 836 manea·

435 873 518 924 mus,
539 854 606 930 quid
627 855 688 924 est,
712 853 786 932 quod
807 853 971 916 Lucretium
985 852 1152 935 elegantissi-

437 953 549 1052 munp,
582 931 820 1012 cultiffimumque
862 932 983 997 Po'e'ram
1024 930 1152 1013 asperne-

436 1031 516 1073 mur.

475 1167 522 1230 Ad
536 1168 701 1231 Lucretium
715 1169 842 1230 nostrum
859 1185 1005 1238 revertor,
1028 1166 1151 1230 Poir'tam

438 1249 587 1338 egregium
600 1271 634 1309 ac
647 1248 838 1327 prae'stantem,
851 1248 1078 1328 Scriptoremque
1089 1268 1153 1307 om·

435 1347 518 1386 nrum
548 1326 718 1388 Latinorum
751 1325 971 1405 politissimum,
1006 1323 1152 1387 vetustissi-

436 1425 542 1475 mum,
562 1404 817 1487 eleganriffimurn3
834 1426 937 1483 esequo
949 1406 1003 1469 Vir
1024 1405 1107 1473 ilius,
1124 1410 1151 1464 &

436 1481 575 1545 Horatius
591 1507 649 1546 non
665 1483 757 1546 sollrm
771 1484 950 1554 dimidiatos,
968 1427 1022 1546 seri
1025 1485 1151 1564 integros

436 1559 509 1639 saepe
522 1563 613 1625 versus
632 1564 754 1625 mutuari
773 1560 875 1625 solent.
894 1564 976 1633 Hic,
994 1563 1043 1624 ubi
1058 1563 1093 1624 de
1108 1581 1151 1622 re-

435 1662 501 1701 rum
518 1644 705 1720 primordiis,
729 1640 775 1702 seu
796 1643 964 1720 corpusculis
984 1640 1149 1704 individuis:
1184 1698 1187 1703 .

436 1720 473 1780 de
489 1741 588 1782 eorum
603 1740 702 1789 motu,
717 1727 742 1780 &
756 1721 867 1802 figuris:
883 1722 916 1781 de
929 1721 1021 1780 inani:
1034 1721 1068 1780 de
1078 1720 1149 1782 ima-

436 1799 565 1880 ginibus,
577 1800 624 1861 seu
635 1799 807 1868 simulacris,
820 1821 880 1877 quae
895 1797 911 1859 ὲ
925 1797 1036 1860 summo
1055 1819 1149 1860 rerum

436 1899 559 1957 corpore
569 1880 733 1939 mittuntur:
750 1878 783 1938 de
797 1879 971 1938 Animorum
985 1874 1100 1939 naturis
1116 1877 1150 1939 de

437 1977 520 2028 ortu,
529 1961 663 2036 obituque
676 1958 815 2018 fiderum:
833 1960 867 2018 de
881 1956 1090 2019 Solis&erae
1101 1957 1148 2020 de-

437 2038 513 2098 fedu
528 2038 584 2098 :de
599 2037 725 2098 fulminis
738 2034 853 2097 naturis
876 2036 910 2097 de
928 2038 1007 2096 Arcu
1025 2035 1150 2098 coelestir

436 2116 474 2175 de
486 2117 622 2177 Averniss
635 2116 669 2176 de
681 2115 767 2176 caulis
777 2120 962 2193 morborum,
974 2115 1149 2178 &multis-de

438 2194 502 2256 aliis
519 2198 599 2256 rebus
616 2194 758 2271 disputat,
782 2192 907 2263 subtilis,
930 2212 1062 2277 argutus,
1081 2216 1150 2257 enu-

436 2274 561 2344 oleatus,
570 2276 683 2334 limatus
692 2272 743 2336 est.
753 2273 787 2332 ln
798 2274 936 2334 librorum
946 2274 1109 2352 prooemiis:
1120 2274 1149 2334 in

438 2353 585 2413 nonnullis
596 2352 835 2413 similitudinibus:
850 2354 879 2412 in
892 2355 1045 2431 exemplis:
1056 2355 1087 2413 in
1100 2350 1150 2418 dis·

438 2431 630 2509 putationibus
643 2432 676 2491 de
689 2448 782 2491 morte
794 2430 1060 2507 contemnendsl3de
1068 2454 1149 2495 amo-

438 2531 469 2571 re
485 2510 620 2591 fugiendo
633 2534 643 2584 3
661 2510 695 2570 de
706 2508 807 2570 somno
822 2518 849 2570 &
862 2509 1025 2581 insomniis,
1038 2512 1151 2593 gravis,

438 2589 586 2666 copiosus,
601 2590 728 2666 amplus,
739 2590 925 2671 magnificus,
946 2592 1051 2660 elatus,
1067 2612 1150 2653 orna·

439 2685 482 2728 rus
493 2668 532 2727 est
543 2710 610 2731 ....
627 2667 705 2745 Quid
719 2668 817 2729 enim?
830 2669 993 2729 Homerum
1007 2710 1017 2740 ,
1037 2688 1150 2748 propte·

437 2744 486 2807 rei
506 2746 580 2825 qubd
604 2746 634 2806 in
659 2743 821 2823 quibrfflam
848 2746 1020 2808 Fabularum
1047 2750 1149 2827 partim

437 2826 579 2903 turpium,
593 2824 697 2902 partim
709 2825 888 2887 absurdarum
905 2827 1075 2898 involucris,
1088 2850 1151 2889 om·

438 2904 519 2970 nium
528 2926 625 2970 rerum
640 2906 836 2979 mortalium,
860 2923 944 2987 atque
965 2905 1152 2975 humanarum
