2984 3900
448 535 632 607 LIBRI
675 531 919 626 QUARTI.
983 556 1051 603 121

339 681 381 730 ac
393 650 628 726 Intellefflone
642 653 730 749 agit,
744 677 826 749 quas
837 676 897 748 per
910 649 1060 723 renuiffi-
1141 710 1147 722 .

342 778 398 825 ma
422 775 532 824 rerum
554 749 760 832 simulacra,
787 744 843 820 seu
867 746 1059 845 Imagines,

343 874 421 951 quae
435 848 470 919 in
482 868 628 920 mentem
641 849 835 928 incurrant,
855 842 927 919 fieri
939 847 1062 942 pariter
1113 854 1116 863 '

345 947 404 1019 ait.
418 942 505 1018 Inde
516 947 606 1021 varia
629 941 672 1016 de
693 942 969 1039 Cogitationibus
984 969 1072 1040 pro·-

345 1041 492 1117 blemata
505 1041 665 1139 proponit
679 1044 715 1113 &
726 1037 883 1135 explicat.
898 1039 971 1112 Cur
982 1067 1016 1113 v.
1028 1068 1064 1139 g.

346 1137 521 1217 videamur
534 1138 568 1211 in
582 1135 703 1209 somnis
713 1132 827 1207 videre
838 1134 914 1209 illos
928 1137 987 1235 qui
996 1141 1063 1235 jam

347 1236 475 1311 mortui
487 1232 584 1308 sunt:
608 1260 669 1307 cur
692 1231 875 1306 simulacra
888 1258 998 1305 rerum
1008 1233 1065 1309 seu

348 1320 517 1431 Imagines
530 1329 708 1408 videantur
719 1329 817 1401 nobis
829 1331 967 1414 morari,
983 1329 1065 1404 dum
1184 1334 1188 1343 “

348 1431 537 1529 cogitamus
550 1451 610 1500 ea:
627 1453 687 1499 cur
697 1424 807 1513 subiti>
846 1425 959 1524 uisque
974 1430 1068 1527 cogi·

348 1548 400 1603 tat
413 1552 489 1625 quae
502 1523 674 1611 lubuerit:
696 1548 757 1609 ¹cur
772 1523 807 1594 in
822 1452 948 1603 tburnis
962 1527 1068 1600 cerni·

347 1650 425 1703 mur
438 1623 579 1697 moveri.
717 1635 725 1648 ”

404 1718 478 1795 VI.
502 1718 642 1801 Interim
662 1715 765 1793 docet
786 1716 874 1816 prihs
895 1716 941 1791 lin
990 1745 1064 1805 am,
1133 1770 1136 1775 ·

312 1892 315 1897 .
352 1816 496 1902 ocuios,
512 1839 630 1902 aures,
654 1832 841 1913 caerer'aque
862 1746 1009 1891 menffijra
1029 1843 1067 1890 ac

350 1912 462 1990 sensus
475 1911 538 1996 esse
551 1920 646 1998 nata,
662 1911 765 2016 qussm·
775 1938 890 1990 eorum
902 1912 994 1986 usum
1005 1940 1012 1985 :
1022 1912 1070 1988 se·

352 2039 415 2088 cus
428 2011 510 2087 verb
524 2013 557 2081 in
570 2009 754 2084 a'rtificiosrs
767 2010 888 2096 rebus,
901 2038 976 2109 quae
991 2037 1071 2109 pen-

354 2107 440 2184 dent
453 2134 496 2186 ex
513 2108 652 2205 praevis3
672 2108 868 2204 indigentia.
891 2107 1069 2183 Rationem

354 2205 470 2280 reddit
479 2207 667 2288 etiam,cur
677 2205 790 2277 cibum
802 2231 840 2276 ac
852 2228 971 2301 potum
983 2233 1071 2304 quae·

354 2327 432 2378 rant
441 2301 502 2376 fibi
513 2301 683 2375 animalia:
696 2327 757 2375 cur
767 2300 1018 2398 progrediamur
1029 2304 1072 2378 ad

356 2399 515 2475 libitum:
530 2425 592 2472 cur
604 2397 694 2474 vari&
711 2396 884 2470 fleeramus
899 2400 1071 2488 membra3

358 2502 398 2574 &
411 2496 495 2596 quid
508 2497 659 2594 corporis
682 2491 784 2567 nostri
803 2493 927 2566 molem
946 2520 1022 2596 agat
1035 2502 1072 2574 δι

355 2595 404 2670 im
448 2594 521 2667 llat.

404 2620 519 2765 §IL
532 2688 690 2788 Denique
704 2689 746 2762 de
760 2686 877 2761 somno
891 2714 929 2762 ac
943 2685 1075 2763 somniis

360 2786 406 2864 ad
418 2785 522 2862 finem
534 2784 638 2886 usque
649 2787 725 2860 libri
746 2787 948 2958 hrrjusrgn
963 2787 1076 2885 impri.
1180 2879 1183 2884 .

360 2883 489 2992 prisque
504 2882 607 2971 docet
616 2935 630 2978 ‚
644 2884 710 2997 qua
722 2906 851 2979 tatrone
908 2905 924 2955 t
943 2880 1088 2964 somnus.
