2984 3900
1101 535 1174 591 86
1468 506 2193 581 T.LUCRETII

1099 626 1251 681 Illum
1270 615 1494 686 aspeRari
1507 652 1523 674 ‚
1543 614 1778 693 claroque
1793 610 2022 665 incedere
2037 611 2233 663 honore
2245 625 2270 669 ,·

1099 694 1196 759 Ipfi
1214 689 1330 740 sein
1347 682 1562 738 tenebris
1580 683 1724 734 volv1
1739 717 1755 741 ,
1777 696 2008 748 coenoque
2026 690 2318 746 queruntur·

1100 752 1357 816 Interemst
1370 750 1553 820 partim
1576 750 1836 801 statuarum
1850 788 1866 809 ,
1888 753 1934 800 ἃ
1950 745 2168 799 nominis
2185 761 2309 811 ergo
2326 759 2345 794 ε

1102 834 1169 882 Et
1185 830 1303 890 saepe
1323 826 1468 887 usque
1484 819 1608 870 adeo
1620 853 1635 877 ,
1653 816 1832 867 mortis
1853 814 2122 866 formidine
2136 850 2154 875 ‚
2181 811 2301 865 vite

1102 890 1325 957 Percipit
1341 891 1578 940 humanos
1595 883 1765 936 odium
1776 920 1792 944 ‚
1811 884 2030 949 lucisque
2045 881 2272 933 vidend:
2287 913 2307 939 ,

1108 969 1179 1014 Ut
1197 959 1283 1010 fibi
1303 955 1602 1008 consciscant
1617 950 1841 1003 moerenti
1863 955 2060 1016 perre
2074 949 2267 1000 lethum
2285 982 2305 1006 ,

1109 1026 1279 1080 obliti
1300 1029 1489 1075 fontem
1511 1037 1733 1072 curarum
1751 1019 1882 1070 hunc
1900 1016 1994 1069 effe
2008 1017 2275 1076 timorem3
2348 1077 2360 1089 ·

1108 1099 1258 1149 Hunc
1277 1109 1451 1145 vexare
1466 1091 1708 1154 pudorem
1722 1124 1737 1148 ,
1755 1087 1880 1138 hunc
1898 1085 2099 1137 vincula
2112 1077 2358 1135 amicitiai

1111 1169 1362 1227 Rumpere
1378 1196 1395 1219 ,
1416 1162 1464 1209 δι
1481 1157 1533 1207 in
1551 1154 1734 1207 summi
1749 1153 1982 1220 pietatem
1996 1168 2222 1205 evertere
2235 1146 2404 1201 flando.

1112 1231 1356 1291 Narniam
1372 1229 1489 1290 saepe
1512 1221 1739 1274 homines
1759 1221 1997 1287 patriam,
2027 1222 2259 1285 carosque
2279 1229 2404 1280 pare]

1113 1297 1450 1353 Prodiderunt
1463 1328 1479 1352 ‚
1503 1291 1664 1343 vitare
1677 1290 1946 1342 Acherufia
1967 1289 2155 1355 templa
2164 1296 2404 1353 petentes.

1184 1435 1318 1482 Nam
1332 1465 1346 1488 ,
1367 1425 1527 1480 vel-uti
1541 1425 1680 1492 pueri
1693 1425 1949 1492 trepidant
1962 1460 1978 1484 ,
1999 1437 2141 1490 atque
2155 1417 2326 1472 omnia
2339 1430 2404 1468 ce

1120 1504 1182 1554 In
1198 1495 1413 1550 tenebris
1428 1510 1678 1545 metuunt:
1696 1495 1761 1544 fic
1779 1511 1870 1544 nos
1887 1493 1940 1543 in
1956 1493 2069 1543 luce
2086 1488 2318 1542 timemus

1119 1568 1379 1621 interdum
1395 1603 1412 1624 ,
1452 1561 1612 1614 nihile
1632 1577 1733 1628 quae
1753 1564 1863 1612 sunt
1879 1558 2142 1611 metuenda
2161 1554 2321 1622 magis
2336 1589 2352 1613 ,
2372 1568 2404 1617 q

1127 1639 1246 1697 Quae
1261 1631 1398 1698 pueri
1415 1630 1467 1680 in
1480 1629 1694 1681 tenebris
1708 1627 1932 1693 pavitant
1942 1664 1959 1687 ,
1977 1627 2263 1692 finguntque
2279 1626 2404 1673 sunu

1122 1706 1272 1755 Hunc
1290 1699 1443 1767 igitur
1459 1712 1703 1747 terrorem
1721 1694 1899 1755 animi,
1925 1694 2240 1758 tenebrasque
2257 1687 2404 1743 neces

1122 1772 1248 1820 Non
1266 1765 1390 1817 radii
1403 1763 1559 1822 solis,
1580 1780 1737 1829 neque
1751 1762 2029 1814 lucida-tela
2054 1758 2156 1812 diei

1125 1835 1408 1889 Discutiant
1421 1869 1437 1893 ‚
1452 1834 1537 1884 sed
1553 1846 1734 1882 naturae
1747 1829 1930 1897 species
1943 1865 1958 1890 ,
1988 1827 2235 1895 ratioque·

1177 1987 1182 1996 ’
1198 1990 1414 2043 Primum
1430 1989 1620 2041 Animti
1635 1987 1772 2047 dico,
1785 2002 1998 2038 mentem
2013 2002 2157 2051 quem
2168 1986 2287 2049 sepe
2299 1999 2401 2036 voc

1133 2063 1194 2113 In
1213 2076 1309 2125 quo
1346 2058 1602 2110 confilium
1617 2056 1729 2108 vite
1747 2093 1762 2114 ,
1791 2054 2105 2120 regimenque
2129 2053 2353 2103 locatum
2378 2068 2404 2101 e

1133 2127 1243 2178 Effe
1257 2125 1471 2176 hominis
1486 2142 1674 2191 partem
1686 2120 1848 2174 nihile>
1867 2121 2024 2172 minus
2037 2156 2053 2179 ‚
2070 2138 2128 2170 ac
2143 2136 2313 2170 manns
2326 2155 2344 2179 ,
2361 2122 2404 2171 ἃ

1134 2196 1307 2259 Atque
1324 2194 1489 2251 oculi,
1517 2207 1679 2258 partes
1702 2188 1960 2240 animantis
1977 2186 2133 2239 totius
2151 2202 2338 2238 extant.

1138 2258 1378 2323 Quamvis
1399 2263 1554 2311 multa
1567 2259 1764 2326 quidem
1782 2256 2063 2321 Sapientum
2083 2257 2227 2305 turba
2242 2252 2404 2320 putin

1137 2331 1333 2380 Sensum
1349 2328 1521 2378 Animi
1542 2325 1676 2378 cert3
1693 2342 1795 2376 non
1811 2323 1903 2375 esse
1918 2323 1971 2374 in
1989 2339 2129 2388 parte
2144 2323 2366 2374 loca'tum
2378 2340 2394 2372 t

1139 2395 1326 2445 Veriun
1348 2395 1566 2446 habitum
1585 2395 1823 2459 quendam
1836 2392 2041 2444 vitalem
2059 2390 2288 2455 corporis
2308 2388 2404 2440 effe

1140 2462 1465 2516 Harmoniam
1480 2460 1622 2513 Graii
1636 2478 1779 2525 quam
1793 2458 1964 2511 dicunt
1979 2476 1994 2517 3
2010 2459 2146 2525 quod
2166 2457 2319 2508 faciat
2342 2473 2404 2507 no

1141 2530 1329 2582 Vivere
1349 2548 1458 2580 cum
1473 2532 1629 2587 sensu,
1657 2526 1793 2579 null&
1816 2526 1922 2578 ciun
1942 2528 1993 2576 in
2009 2542 2147 2590 parte
2160 2527 2250 2577 fiet
2265 2541 2404 2576 mene

1141 2606 1212 2651 Ut
1225 2600 1353 2649 bona
1371 2601 1489 2663 saepe
1507 2596 1742 2647 valetudo
1761 2593 1872 2644 etun
1887 2593 2070 2645 dicitur
2085 2592 2180 2644 effe

1144 2664 1389 2732 Corporis
1402 2702 1417 2723 ,
1443 2669 1489 2715 ἀ
1506 2680 1606 2713 non
1621 2662 1687 2712 est
1703 2678 1865 2713 tamen
1879 2661 1978 2712 haec
1993 2678 2102 2726 pars
2117 2660 2219 2711 ulla
2234 2659 2404 2711 valent

1140 2735 1226 2786 Sic
1244 2732 1416 2795 Animi
1437 2734 1620 2781 sensum
1633 2745 1734 2779 non
1755 2728 1889 2779 certi
1906 2744 2044 2793 parte
2064 2742 2311 2792 reponunt
2323 2745 2342 2779 ε

1150 2805 1457 2871 Maguopere
1474 2798 1527 2849 in
1543 2814 1640 2864 quo
1659 2796 1727 2847 mi
1743 2796 1920 2848 diversi
1938 2812 2100 2847 errare
2114 2796 2370 2847 videntur.

1187 2933 1497 3015 Saepeutique
1512 2933 1564 2990 in
1576 2946 1814 3002 promptu
1827 2931 2163 3002 c-orpus‚quod
2178 2927 2404 2996 cernitur¹
