2984 3900
444 536 628 606 mn!
655 536 897 624 nutum.
990 546 1057 631 165

348 652 387 727 ’δι
400 651 471 751 ὶρΤι,
481 657 517 726 &
530 650 680 724 Mundus
692 650 759 748 ipse
773 654 862 753 prius
875 681 918 729 ex
928 653 1066 730 Atomis

348 748 562 824 concrescere
584 749 774 823 debuerunt
793 776 805 838 3
825 751 1063 850 sedpraecipud

347 851 427 946 qula
441 847 533 921 tanti
546 846 664 944 culpi,
674 847 840 945 tantisque
855 849 947 922 malis
961 873 1063 949 atque

348 944 571 1018 incommodis
584 943 743 1040 praeditus
757 947 871 1020 horret
885 946 1061 1033 Mundus,

349 1065 389 1116 ut
402 1043 502 1214 {lobi}
513 1063 644 1115 cre-atus
664 1039 773 1115 {Diis
789 1042 988 1116 nullomodo
1001 1071 1063 1143 pu·

348 1162 407 1213 tan
432 1165 471 1212 us
494 1162 533 1214 tt.

402 1331 473 1408 ΠΙ.
499 1334 659 1431 Quutuor
681 1329 878 1418 Elementa,
892 1330 1061 1421 Terram}

350 1432 507 1531 Aquam,
520 1430 635 1514 Aeta,
651 1434 686 1503 δι
699 1429 867 1528 Ignem,e
879 1434 999 1529 quibus
1010 1456 1063 1506 to·

349 1554 384 1603 ta
398 1555 507 1602 rerum
523 1526 659 1601 Summa
673 1525 813 1611 conslat,
825 1531 936 1602 nativa
948 1553 1061 1603 tamen

348 1630 386 1702 δι
400 1624 552 1698 mortalia
568 1623 631 1698 else
642 1624 786 1722 probat,
802 1623 887 1698 ficut
904 1630 939 1699 δ’(
957 1650 1061 1700 caete·

348 1751 384 1797 ra
403 1775 414 1807 ‚
436 1749 511 1821 quae
539 1721 646 1794 minis
671 1722 820 1795 interitui
843 1722 988 1797 obnoxia
1010 1728 1060 1797 vi*
1168 1812 1177 1825 Ι

349 1820 494 1905 dentur,
515 1843 598 1916 puta
615 1819 771 1892 Deorum
788 1819 935 1917 templa,
950 1844 1059 1896 turres

346 1916 449 2002 altas,
464 1922 500 1992 δι
513 1917 641 2014 reliqua
653 1916 826 1991 hominum
842 1920 1065 1995 monimenta.

346 2016 509 2090 Docet&
523 2017 706 2089 novitatem
718 2014 874 2099 Artium,
910 2043 960 2089 uae
975 2041 1068 2115 quo-¹

346 2114 428 2189 tidie
439 2111 655 2212 expoliuntur
669 2164 680 2196 ‚
703 2114 854 2187 nativum
869 2042 991 2187 llundi
1005 2138 1059 2187 01¹·

345 2224 419 2286 tum
433 2238 468 2284 ar
516 2236 571 2284 ete
584 2236 597 2297 3
609 2206 772 2307 variisque
792 2209 862 2283 aliis
878 2211 1058 2308 argumen'

346 2312 389 2383 tis
404 2238 581 2383 consimat
602 2303 795 2392 Mundum,
818 2333 881 2381 nec
896 2331 1057 2382 aeternum

346 2404 518 2575 extitilffe,
541 2430 605 2479 nec
626 2403 845 2478 immortalem
868 2404 1059 2503 permansu-

345 2532 424 2578 rum
448 2529 521 2578 ore.

399 2643 477 2770 iv.
498 2696 571 2770 Jam
594 2689 782 2793 singulatim
805 2692 876 2793 agit
886 2689 930 2767 de
947 2690 1059 2791 ptimo

345 2795 492 2895 partium
512 2791 634 2867 Mundi
647 2815 793 2877 exortu,
813 2815 895 2890 quas
909 2815 952 2862 ex
967 2788 1060 2864 Ato-

345 2917 479 2973 motum
501 2911 594 2967 caeco
613 2886 778 2966 concursu
790 2911 906 2966 omnes
919 2909 1060 2968 coneto,
