2984 3900
411 546 492 644 ‘164
557 543 1027 618 AnovMaanM

410 662 577 740 Mortales
590 661 765 737 edocuerit
778 665 1005 762 Sapientiam,
1029 663 1129 764 qudm'

408 763 662 845 aut-Cererem,
681 785 740 833 aut
754 762 945 847 Bacchum,
961 786 1020 845 aur
1033 764 1127 835 Her-

406 857 520 933 culem
530 910 541 945 ,
567 885 711 956 quorum
730 862 867 933 inventa
886 859 993 932 minus
1007 861 1127 934 huma·

403 980 460 1029 nae
470 958 549 1032 vitae
562 955 784 1053 profuerunt,
799 955 899 1055 quim
910 957 1093 1054 Sapientia.

460 1149 595 1225 Deinde
609 1149 686 1223 libri
699 1148 798 1248 hujus
811 1168 1046 1248 argumentum
1060 1149 1124 1225 be·

403 1272 447 1321 ne
472 1251 673 1321 connedlens
697 1273 776 1318 cum
799 1248 837 1318 iis
854 1245 979 1345 quaesu
1004 1249 1123 1320 eriori-

403 1345 469 1418 bus
482 1346 573 1419 libris
588 1342 768 1442 disputavit
782 1394 792 1426 ,
822 1342 863 1415 de
878 1272 1003 1416 Mundi
1024 1343 1123 1443 hujus

402 1446 519 1516 nativo
534 1465 632 1527 ortu,
646 1440 847 1538 mortalique
860 1442 996 1513 interitu
1011 1439 1122 1514 dietu-

400 1563 459 1611 rus
474 1538 575 1614 docet
595 1537 626 1610 Ι.
638 1538 799 1620 Terram,
819 1537 933 1622 Mare,
954 1536 1094 1611 Coelum
1105 1590 1118 1624 ,

400 1634 536 1720 Sidera,
560 1635 697 1718 Solem,
710 1661 753 1706 ac
768 1633 900 1706 Lunam
915 1631 977 1706 effe
989 1659 1119 1709 morta·

399 1733 444 1808 lia
457 1761 468 1819 3
483 1759 546 1807 nec
561 1759 598 1806 ea
611 1731 724 1814 sensu,
740 1755 803 1802 nec
818 1755 961 1826 corpore
975 1729 1116 1819 divino,

396 1854 437 1903 ut
449 1827 644 1928 quibusdam
654 1826 862 1924 Philosophis
872 1825 958 1899 male
968 1827 1098 1924 placuit
1103 1881 1116 1915 ,

421 1927 536 2000 raedita
550 1923 613 1999 eise
628 1950 743 1999 monet
756 1950 768 2013 3
782 1952 844 1997 nec
868 1923 970 1998 ullam
992 1926 1115 2002 Mundi

393 1954 494 2123 injus
508 2047 636 2121 partem
658 2024 757 2107 Diis,
783 2046 942 2120 tanquam
969 2021 1112 2099 domici-

393 2122 476 2195 lrum
490 2148 528 2193 ac
538 2120 649 2194 sedem
665 2122 857 2219 propriam,
873 2118 935 2197 effe
950 2120 1113 2221 affignane

391 2216 472 2292 dam
485 2217 573 2291 vult.

446 2410 498 2485 Π.
512 2412 627 2509 Negat
640 2409 658 2482 a
670 2409 746 2483 Diis
760 2431 907 2485 creatum
922 2408 985 2485 effe
1007 2411 1110 2489 Mun³

386 2505 473 2583 'dum
495 2510 584 2581 hunc
605 2510 638 2579 in
660 2508 831 2580 hominum
846 2509 986 2603 gratiam
996 2533 1010 2596 3
1032 2534 1106 2584 tum

420 2608 473 2678 uia
488 2604 597 2678 nostra
642 2607 723 2679 ratia
743 2630 813 2677 non
835 2607 947 2699 potuit
971 2605 1106 2683 allicere

386 2631 486 2777 geos
512 2726 559 2794 ut,
630 2702 757 2775 undum
792 2701 888 2773 nobis
924 2728 1103 2794 crearent3

389 2798 465 2875 clrm
501 2800 578 2897 quia
612 2824 681 2872 non
712 2796 898 2871 habuissent
923 2798 985 2871 Dii
1012 2802 1104 2878 unde

387 2896 557 2978 Mundum
576 2922 689 2994 creare
708 2894 889 2995 potuiffent
906 2947 919 2987 ,
939 2902 1100 2999 quonian!
