2984 3900
391 569 447 621 190
588 509 940 617 uincantur

421 714 477 764 Nee
487 727 569 766 tamen
578 710 642 764 illud
653 709 679 761 in
686 711 726 764 his
733 710 805 763 rebus
813 709 928 766 mirabile
939 715 1015 768 debet

388 780 457 839 Esse,
467 782 534 847 qued
543 783 591 832 haec
601 778 724 847 igniacum
734 797 803 831 certo
813 797 926 844 tempore
936 784 1030 848 possint

387 847 484 900 Semina
496 849 634 905 confluere,
644 851 667 898 dt
675 846 739 899 Solis
747 864 858 912 reparare
866 849 988 903 nitorem:

389 917 471 967 Multa
478 915 591 968 videmus
600 914 680 973 enim,
693 931 763 966 certo
770 931 820 980 quae
830 930 943 983 tempore
951 917 1014 971 fiunt

389 982 511 1034 Omnibus
519 982 545 1034 in
554 986 634 1035 rebus.
641 984 784 1034 Flotescunt
792 998 904 1049 tempore
912 1001 982 1038 certo

388 1050 510 1110 Arbusta,
520 1057 544 1104 dc
553 1067 622 1103 certo
631 1049 760 1102 dimittunt
766 1065 878 1115 tempore
885 1052 986 1104 florem.

388 1119 445 1169 Nec
453 1116 532 1170 minus
540 1119 566 1169 in
574 1133 644 1169 certo
654 1119 739 1170 dentes
749 1118 833 1168 cadere
843 1118 1013 1184 imperatetae

388 1187 527 1250 Tempore,
537 1186 690 1251 &impubem
698 1180 771 1237 molli
778 1185 995 1250 pubescereveste,

388 1257 422 1304 Et
429 1251 521 1317 pariter
528 1254 631 1304 mollem
638 1252 709 1305 malis
718 1252 848 1305 demittere
855 1254 964 1307 barbam.

388 1319 501 1373 Fulmina
508 1321 646 1387 postremi),
656 1320 697 1371 nir
705 1360 714 1382 ‚
723 1321 829 1381 imbres,
839 1321 938 1383 nubile,
950 1320 1035 1383 venti,

387 1388 530 1441 Nonnimic
539 1387 640 1441 incertis
650 1389 712 1440 fiunt
726 1389 949 1454 inpartibucanrrie
1018 1419 1021 1425 ·

388 1457 502 1522 Namque
509 1457 551 1508 ubi
560 1459 591 1508 fic
601 1460 699 1508 fuerunt
709 1459 833 1507 causarum
843 1457 944 1508 exordia
952 1456 1046 1523 prima,

388 1523 474 1589 Atque
483 1523 519 1574 uti
529 1541 565 1576 rec
575 1524 661 1575 Mundi
671 1523 783 1575 cecidere
792 1526 821 1576 ab
830 1522 927 1592 origine
934 1523 1030 1590 primi,

386 1591 518 1658 consequa
525 1594 618 1644 Natura
627 1591 659 1643 est
667 1592 716 1656 jam
725 1608 806 1642 rerum
814 1609 843 1643 ex
858 1592 946 1645 ordine
954 1608 1037 1645 certo·

424 1745 538 1797 Crescere
547 1740 655 1808 itemque
663 1740 715 1792 dies
723 1741 799 1801 licet,
808 1745 832 1794 dc
840 1741 962 1794 tabescere
970 1745 1071 1804 nudes,

389 1813 422 1864 Et
431 1812 507 1864 minui
516 1813 600 1867 lucer,
612 1810 666 1860 ciun
677 1812 772 1861 sumant
781 1809 893 1876 augmina
903 1815 1004 1872 nodec5

389 1881 446 1931 Aut
453 1879 509 1946 quia
517 1878 560 1930 Sol
568 1876 634 1928 idem
644 1878 686 1927 sub
696 1893 774 1928 terras
780 1914 788 1938 ,
799 1893 870 1942 atque
878 1879 994 1942 superne,
1093 1888 1097 1895 '

389 1947 527 2012 Imparibue
536 1962 633 1996 currens
643 1944 903 1998 anfradibusAEtheris
912 1963 968 1997 orae

388 2014 485 2073 Parcit,
495 2013 551 2066 &in
559 2030 640 2077 parter
649 2029 699 2063 non
707 2030 783 2079 aequas
791 2012 883 2065 dividit
890 2015 1002 2066 Orbem:

388 2084 422 2133 Et
429 2083 496 2148 quod
505 2081 534 2132 ab
542 2079 657 2131 alterutrd
665 2081 771 2132 detraxit
780 2095 863 2147 parte,
873 2081 975 2147 reponit

390 2151 448 2211 Ejus
458 2149 483 2199 in
492 2147 592 2200 adversi
600 2149 670 2200 tantd
679 2149 734 2213 plue
741 2164 811 2213 parte
819 2148 924 2208 relatus,

390 2216 518 2267 Donieum
528 2216 557 2266 ad
567 2215 593 2265 id
600 2216 698 2283 Signum
709 2216 773 2266 Coeli
782 2215 908 2279 pervenit,
920 2213 962 2267 ubi
970 2212 1028 2265 anni

389 2285 479 2335 Nodus
488 2283 829 2347 noeturnaeexequatlucibus
837 2285 944 2335 umbras.

388 2350 1008 2415 NammediocursuflacusAquilonis‚ernusti,
1092 2372 1095 2376 ·

390 2418 499 2471 Distinet
506 2435 599 2484 nquato
608 2419 703 2470 Coelum
715 2417 855 2469 discrimine
863 2436 956 2478 metas,

390 2488 498 2552 Propter
504 2485 611 2553 figniseri
619 2488 754 2550 posturam
762 2486 841 2537 totius
853 2487 934 2545 orbis,

390 2555 482 2614 Annua
491 2556 533 2606 Sol
541 2553 567 2604 in
576 2572 624 2619 quo
632 2553 763 2604 contundit
772 2570 885 2618 tempora
892 2558 1006 2619 serpens,

391 2622 505 2687 Obliquo
512 2627 613 2678 Terras,
626 2625 649 2671 dr
660 2622 753 2672 coelum
762 2621 854 2672 lumine
863 2622 981 2674 lustrant:

391 2694 425 2740 Ut
434 2689 499 2740 ratio
508 2690 618 2740 declarat
626 2704 725 2747 eorum,
738 2688 779 2755 qui
789 2690 846 2739 loca
856 2689 920 2740 Coeli

391 2758 483 2808 omnia
491 2755 612 2821 dispositis
620 2754 700 2821 signis
708 2772 793 2807 ornata
801 2756 929 2808 uotirunt·

390 2826 447 2877 Aut
452 2824 509 2890 quia
517 2824 616 2874 crassior
623 2823 657 2873 est
665 2823 739 2875 certis
749 2823 774 2875 in
782 2823 966 2889 partibueAEn

392 2893 443 2943 Sub
450 2892 523 2944 terris
530 2891 587 2943 ided
595 2892 726 2942 tremulum
733 2894 802 2954 jubar
809 2892 899 2944 bestat
905 2891 987 2960 ignis,

392 2960 447 3014 Nec
455 2975 583 3027 penetrare
591 2958 672 3028 petest
683 2958 759 3015 facile
772 2976 845 3032 atque
854 2975 981 3031 emergere
989 2958 1022 3012 ad
1030 2971 1111 3015 ottae·
