2984 3900
453 592 526 664 118
605 586 1057 666 ARGUMENTUM'
1134 698 1140 725 r

462 928 1141 1071 Anounuurun

580 1145 760 1210 arant
790 1141 1026 1233 QUARTJ.
1132 1210 1136 1215 .

448 1258 615 1462 QUA
636 1365 731 1464 supri
758 1365 848 1477 libro
873 1363 982 1461 primo
1006 1362 1086 1437 usus
1112 1360 1154 1437 est

444 1467 693 1562 comparatione
712 1464 914 1545 Lucretius,
942 1484 981 1532 ut
1005 1460 1155 1534 Memmii

442 1560 493 1633 sui
506 1563 649 1633 animum
663 1557 820 1656 tantisper
833 1558 851 1630 ὲ
874 1560 1092 1631 contentione
1106 1585 1154 1631 re·

442 1656 591 1742 laxaret,
612 1655 728 1730 eidem
750 1657 840 1728 hunc
859 1653 983 1727 librum
998 1680 1154 1753 quartum

442 1755 653 1853 auspicatur,
679 1778 717 1826 ut
731 1753 919 1827 auditorem
930 1752 990 1823 fibi
1008 1751 1154 1825 docilem

440 1851 561 1926 reddat
574 1856 799 1925 &attentum
818 1845 952 1921 Deinde
965 1846 1045 1921 libri
1057 1850 1154 1947 hujus

440 1952 602 2047 proponit
615 1973 866 2046 argumentum,
882 1943 976 2045 quod
986 1973 1031 2019 ex
1043 1942 1155 2019 indus·

440 2048 503 2119 trii
523 2074 599 2119 cum
613 2043 838 2142 superioribus
860 2045 1041 2116 connedit.
1064 2043 1153 2118 cun

440 2145 528 2215 enim
549 2145 657 2239 primo
681 2147 717 2215 δι
738 2137 886 2215 secundo
909 2141 997 2214 libro
1019 2141 1155 2215 abunde

439 2238 614 2323 docuerit,
629 2263 703 2336 quae
718 2243 754 2311 &
766 2236 875 2337 qualia
888 2238 951 2309 fint
961 2263 1075 2310 rerum
1082 2241 1155 2307 Pri-

438 2334 564 2404 mordia
575 2386 585 2418 ,
601 2336 724 2432 quibus
745 2333 861 2432 figuris
883 2332 1058 2419 distinda,
1082 2361 1153 2434 quo

437 2454 533 2503 motu
557 2430 733 2516 ferantur,
762 2457 801 2505 ac
826 2453 963 2505 ceteras
988 2454 1043 2504 res
1068 2458 1153 2529 pro-

436 2550 577 2613 creent3
591 2527 679 2600 libro
692 2529 773 2602 verb
785 2530 886 2602 tertio
900 2528 1035 2600 Animae
1049 2553 1152 2628 atque

436 2624 576 2708 Animi,
590 2647 749 2723 tanquam
763 2628 1005 2724 pracipuarum
1016 2650 1152 2699 creatu·

437 2746 580 2807 rarum,
607 2745 759 2794 naturam
785 2722 884 2795 fufius
906 2721 1126 2819 explicaverit
1138 2746 1152 2811 ;

437 2816 557 2889 metito
570 2815 645 2889 sani
657 2819 741 2890 hanc
757 2819 853 2892 aliam
865 2820 1030 2892 subnediit
1040 2818 1151 2918 dispu-

435 2915 598 3001 tationem
619 2912 662 2989 de
681 2914 825 2992 sensibus
842 2968 855 3016 ,
880 2915 953 2990 tum
972 2920 1149 3016 corporis,
