2984 3900
383 384 443 457 '¹5²
596 374 943 446 T.LUCRETII

386 478 484 539 Possit,
494 492 559 531 utet
567 477 621 547 igni
630 495 695 532 ceco
704 483 851 547 consurgere
860 483 972 536 flamma·

385 549 433 598 Sed
444 547 529 614 quibus
539 548 589 598 hec
599 550 671 599 rebus
680 547 780 598 novicae
790 547 928 610 confletur,
938 555 962 602 lt
971 552 1038 604 unde

373 634 375 639 ·
387 613 529 665 Perturbari
536 616 643 675 Anima,
654 616 940 682 &eorpualanguescere
949 620 1043 683 potiit,

383 682 530 746 Expediarn:
539 700 582 743 tu,
592 688 629 735 fac
637 681 758 746 neventit
767 684 841 733 verba
848 687 1008 749 profundam.

417 814 1078 894 Principio,exterulcorpusdepartenecesl'tmell;
1176 876 1180 895 ¹

382 882 470 934 'Aeriis
478 900 594 950 quomam
601 883 711 936 vicinum
720 885 830 950 tangitur
840 883 921 945 aurit,

383 950 509 1008 ’rundien
519 967 591 1017 atque
599 951 650 1012 ejus
661 952 749 1002 crebro
758 949 876 1017 pulsarier
884 951 943 1003 idn.

382 1017 566 1084 Proptereaque
575 1019 626 1067 fere
637 1034 674 1069 rec
683 1036 784 1076 omues,
795 1033 837 1068 aut
845 1017 915 1069 corio
925 1020 995 1078 sunt,

291 1140 296 1145 ,
383 1085 511 1144 Austri,
520 1101 562 1135 aut
571 1085 689 1144 conchis,
703 1102 746 1137 aut
755 1086 821 1136 callo
831 1100 890 1141 ‚aut
897 1086 993 1139 cortice
1002 1089 1081 1143 tedes

382 1151 532 1205 Interiorem
543 1151 617 1205 etiam
625 1167 721 1217 partem
730 1151 876 1217 spirantibus
885 1156 926 1204 air

386 1220 508 1270 Verberat
515 1218 557 1269 hic
566 1218 647 1278 idem,
662 1222 717 1271 clun
728 1218 840 1278 ducitur,
850 1234 923 1284 atque
932 1219 1044 1273 reflatur.

387 1287 472 1348 Quare
481 1285 593 1351 utrinque
602 1289 668 1336 secus
676 1287 730 1337 cium
742 1304 831 1352 corpus
841 1288 957 1351 vapulet,
971 1291 996 1339 re
1004 1287 1060 1340 clun

384 1352 534 1405 Perveniant
541 1355 617 1430 plage
624 1370 669 1419 per
676 1371 754 1419 parva
761 1352 881 1404 foramina
888 1353 963 1404 nobie

384 1421 547 1486 Corporiaad
556 1436 748 1487 prrtnaapareee,
762 1423 932 1486 elementaque
939 1419 1035 1487 prima,

384 1487 428 1540 Fit
436 1491 500 1554 quari
508 1487 625 1553 paulatim
634 1489 706 1539 nobie
716 1504 760 1552 per
769 1488 877 1539 membra
885 1488 966 1542 ruina.

385 1557 571 1608 Conturbantur
580 1554 644 1606 enim
651 1558 761 1621 positure
769 1553 949 1620 principiorum

386 1624 509 1690 Corporis
517 1639 589 1689 atque
597 1621 685 1673 Animi
693 1624 737 1682 sic,
751 1621 1020 1688 urparrindeAnimt's

385 1691 504 1753 Eiiciatur
512 1729 520 1749 ,
529 1690 691 1745 &introrsum
699 1707 755 1755 pars
762 1689 845 1741 abdita
857 1692 944 1749 cedat3

383 1758 446 1808 Para
455 1757 530 1808 etiarn
538 1757 645 1808 distracta
654 1774 698 1822 per
705 1772 785 1815 artus,
795 1774 845 1807 non
854 1755 983 1823 queatelse

387 1827 522 1888 Coniuncta
531 1823 595 1874 iuter
603 1826 643 1882 se,
652 1841 699 1875 nec
707 1839 777 1875 motu
784 1840 867 1876 mutua
875 1824 946 1892 fungi
956 1842 965 1877 a

386 1894 456 1944 lnter
466 1890 531 1942 eninr
541 1889 604 1956 sepit
612 1891 692 1941 aditus
700 1894 810 1949 Natura,
821 1892 931 1957 vipsque.

386 1961 456 2026 Ergo
465 1962 544 2010 sensus
552 1957 603 2010 abit
611 1959 711 2010 mutatis
718 1960 828 2010 motibus
836 1962 895 2013 alte.

387 2031 421 2079 Et
428 2026 542 2092 quoniam
549 2042 600 2077 uon
608 2027 653 2082 est,
664 2028 728 2093 quasi
737 2030 804 2092 quod
812 2026 935 2080 suffulciat
946 2042 1027 2089 artur,

387 2093 480 2145 Debile
491 2092 519 2145 fit
527 2111 630 2158 corpur,
639 2095 800 2160 languescunt
809 2093 892 2145 omnia
899 2095 1009 2147 membra
1019 2112 1028 2158 ς

387 2161 504 2218 Brachia,
512 2161 791 2226 palpebraequecadunt,
801 2161 957 2228 poplitesque
969 2162 1069 2216 cubanti

386 2233 452 2295 Soepe
461 2228 525 2281 tarni
538 2229 735 2288 summittuntur,
744 2228 855 2296 viresque
867 2230 1005 2283 resolvunt.

421 2379 519 2431 Deinde
528 2379 609 2431 cibum
617 2379 726 2445 sequitur
734 2383 843 2440 somnus,
853 2380 908 2447 quia
919 2399 971 2448 quae
978 2382 1039 2436 facit
1045 2386 1093 2443 air,

386 2448 447 2498 Haec
457 2449 542 2498 eadem
550 2448 634 2505 tibur,
645 2447 671 2497 in
681 2464 754 2498 venas
763 2449 820 2499 dum
830 2448 923 2500 diditur
932 2468 1035 2512 omnes,

385 2514 485 2566 Efficitz
496 2519 519 2566 ἀ
532 2516 612 2567 multu
621 2518 694 2579 sopor
706 2514 750 2565 ille
760 2515 911 2581 gravissimus
921 2518 1010 2577 exstat,

389 2584 556 2643 Queruntur,
567 2598 607 2632 aut
616 2582 686 2632 lassus
695 2581 790 2645 capias,
804 2582 858 2648 quia
867 2582 1035 2647 plurimarum
1046 2586 1070 2640 se

388 2653 502 2715 Corpora
511 2650 657 2700 conturbant
664 2666 753 2714 magno
764 2653 864 2702 contusa
873 2650 972 2705 labore.
1051 2691 1054 2696 -

361 2730 366 2737 ·
386 2716 955 2780 FitrationeeidemconjestusporroAnima'i

385 2782 491 2849 Altior,
501 2785 645 2854 atquefot'as
655 2785 741 2853 ejecto
751 2784 928 2855 largior-ejus,
