2984 3900
443 507 945 577 mum-:culum
1015 533 1062 603 39
1133 497 1137 502 ’

341 618 395 721 'gis
421 619 482 694 sub
505 619 614 696 sensus
642 622 771 697 nostros
799 622 924 697 cadant
950 649 1065 704 motus

342 721 552 794 Atomorum
563 772 574 805 ‚
588 720 687 820 quum
699 749 812 795 earum
825 748 981 820 corpora.

396 817 443 892 V.
477 817 658 916 Explicato
696 818 828 894 diverso
853 819 1063 898 Atomorum

342 939 463 1000 motu,
484 919 551 1013 jam
565 915 702 990 alteram
717 944 830 990 earum
869 917 1062 1009 ualitatem,

343 1040 421 1113 quae
446 1015 546 1089 variae
573 1012 650 1086 sunt
670 1014 788 1113 figurae
809 1068 820 1100 ,
845 943 871 1088 3

343 1113 478 1185 Harum
492 1134 604 1186 autem
618 1113 775 1209 plurimas
790 1111 926 1211 quidem
938 1114 1065 1214 species

345 1207 490 1283 diversas
505 1237 544 1282 ac
567 1209 733 1283 diffimiles
758 1208 895 1296 statuit,
920 1238 1064 1287 numero

345 1330 458 1381 tamen
467 1304 662 1380 finitaszsed
673 1305 733 1380 sub
743 1307 872 1381 divers&
883 1309 1015 1408 qufique
1024 1309 1064 1382 fi-

393 1431 506 1480 rarum
517 1402 626 1502 specie
639 1407 736 1504 ponit
748 1403 891 1478 infinitas
901 1406 1063 1483 Atomos.

346 1432 455 1602 ¹guod
468 1502 570 1601 long&
584 1505 767 1576 carminum
779 1500 858 1576 serie
871 1504 1029 1602 explicat.

398 1598 466 1674 VI.
478 1601 571 1674 Hinc
586 1625 638 1674 res
651 1604 808 1685 cunctas,
824 1626 893 1673 non
909 1627 951 1672 ex
965 1606 1063 1679 unius

301 1720 302 1743 ¹
348 1694 531 1797 figuratum
544 1696 664 1796 speciei
678 1699 837 1783 Atomis,
851 1696 908 1770 sed
923 1724 965 1770 ex
978 1701 1063 1774 mul·

301 1818 302 1829 ¹
347 1798 388 1868 tis
401 1823 440 1869 ac
455 1794 659 1871 diffimilibus
678 1795 795 1894 figuris
814 1850 825 1884 ,
847 1792 997 1870 constare
1012 1797 1064 1872 os-

348 1893 467 1979 tendit,
479 1894 534 1968 vel
549 1895 645 1967 unius
655 1893 772 1967 Tertae
787 1891 957 2063 exemflo,
973 1921 1062 1993 quae,

371 1994 424 2067 uia
438 2018 550 2065 rerum
565 1995 713 2064 omnium
735 1990 863 2065 diversa
897 1994 1004 2067 emina
1029 1997 1063 2067 in

347 2019 378 2163 pe
412 2091 595 2175 continet,
632 2090 826 2162 Maternum
856 2114 979 2182 nomen
1016 2091 1064 2167 est

348 2187 470 2287 adepta
481 2240 493 2272 ‚
506 2195 696 2285 Magnaque
708 2194 829 2256 Parent
839 2185 994 2261 Deorum
1004 2217 1065 2289 pa·

348 2288 428 2360 riter
443 2313 481 2359 ac
495 2287 668 2358 hominum
682 2283 728 2356 est
743 2283 921 2383 appellata.

401 2382 487 2457 VH.
521 2382 681 2482 Denique
716 2380 759 2454 de
792 2382 920 2453 caeteris
953 2409 1065 2459 retum

349 2481 583 2581 qualitatibus,
599 2506 681 2579 quas
695 2479 855 2562 dicimus,
870 2474 942 2549 fusc
956 2479 1067 2577 dispu-

348 2602 422 2664 tat,
438 2603 519 2677 puta
534 2577 576 2650 de
591 2578 725 2659 calore,
739 2574 885 2675 frigore,
901 2576 1065 2665 humore,

348 2678 525 2760 ficcitate,
546 2676 691 2758 colore,
714 2671 842 2758 odore,
865 2670 897 2745 sa
924 2699 1003 2759 ore,
1025 2702 1065 2751 ac

346 2773 456 2848 sensu.
488 2775 641 2864 Quarum
670 2772 818 2844 omnium
838 2798 870 2842 ·a
899 2772 1066 2846 ectionum

346 2895 505 2974 expertes
516 2869 596 2951 facit
608 2871 780 2958 At0m0s‚
796 2870 947 2972 quamvis
961 2895 1003 2945 ex
1016 2871 1066 2945 his

873 1017 1063 1092 emonstrat.
1173 1034 1176 1039 ’
