2984 3900
478 547 982 629 TESTIMONIA.
1033 552 1128 654 xxvij

409 690 476 739 rum·
488 695 598 756 genus,
613 676 687 737 unde
703 676 800 736 multae
814 693 979 754 magnaque
993 675 1128 736 utilitates

412 755 447 816 ad
462 776 515 815 nos
530 754 747 833 permandrint,
766 752 905 816 Posmata
916 755 995 825 sunt,
1013 763 1040 816 8<

410 832 472 904 At,
484 834 611 912 inquies,
630 834 778 896 Lucretius
795 833 958 894 animorum
977 777 1128 895 immitta-

408 914 523 975 litatem
554 932 730 994 oppugnat,
762 913 894 974 Deorum
918 914 1127 990 providentiam

410 1011 516 1074 negat,
531 993 683 1073 religiones
695 1012 795 1052 omnes
809 991 906 1060 tollit,
921 992 1065 1054 summum
1075 996 1128 1053 bo-

409 1086 483 1134 num
507 1072 537 1130 in
555 1073 702 1150 voluptate
721 1071 814 1148 ponit.
834 1070 889 1130 Sed
911 1071 971 1132 haec
987 1072 1125 1149 Epicuri,

409 1173 499 1229 quem
512 1148 638 1229 ,sequitur
652 1150 814 1219 Lucretius,
826 1170 886 1210 non
906 1151 1030 1214 Lucretii
1043 1153 1126 1228 culpa

410 1229 463 1294 est.
483 1227 593 1290 Poe'ma
613 1229 727 1309 quidem
744 1228 855 1366 ipsum,
878 1249 994 1308 propter
1013 1228 1127 1290 senten·

412 1305 499 1369 tiasd
518 1307 569 1367 reli
592 1309 659 1370 ione
677 1305 754 1368 nostr
791 1307 919 1380 alienas,
941 1306 1127 1369 nihilominbs

412 1386 525 1453 Pe'e‘ma
589 1388 779 1449 ,Tantumne
797 1384 810 1446 ,²
837 1384 903 1447 land
926 1386 995 1450 verb
1016 1387 1126 1448 Po'e'ma

410 1466 579 1535 venustum,
590 1466 697 1527 Po'e‘ma
708 1465 895 1544 praclarum,
909 1466 1017 1527 Poe'ma
1030 1466 1127 1527 omni—

411 1548 466 1607 bus
480 1546 595 1624 ingenii
625 1545 778 1606 luminibus
805 1543 990 1616 distinstum,
1015 1544 1131 1627 insigni*

409 1642 501 1696 tum,
525 1641 610 1701 atque
629 1622 815 1694 illustratum,
831 1629 944 1687 dte...

452 1782 495 1843 At
519 1782 656 1861 Epicurus
679 1788 706 1842 &
728 1780 875 1842 Lucretius
896 1779 979 1858 impii
1007 1780 1132 1845 suerunt.

411 1861 496 1955 Quid
506 1878 567 1922 tum
580 1859 676 1938 postea
691 1861 703 1922 ,²
720 1860 802 1921 Num
816 1858 921 1920 idcircb
931 1881 984 1920 nos
998 1882 1130 1936 quoque,

410 1964 462 2022 qm
487 1963 537 2002 eos
556 1941 700 2022 legimus,
728 1939 811 2017 impii
837 1939 957 2000 sumus?
981 1939 1129 2010 Primdm,

410 2018 499 2101 quim
518 2022 609 2082 multa
624 2018 729 2080 suntin
743 2017 802 2079 hoc
818 2018 955 2080 Po'e‘mate
975 2040 1041 2080 cum
1055 2020 1129 2079 alio-

409 2124 478 2163 rum
498 2098 736 2220 Philosophorum
756 2098 927 2168 sententiis,
956 2120 990 2158 ac
1010 2099 1129 2159 decretis

411 2178 617 2243 consentanea.
635 2175 733 2256 Quim
743 2179 833 2239 multa
841 2176 1015 2256 probabilia!
1029 2175 1128 2254 Quim

410 2261 505 2321 multa
528 2260 647 2337 denique
667 2258 820 2336 preclara,
843 2279 876 2316 ac
898 2255 987 2334 prope
1010 2255 1125 2317 divina!

411 2340 486 2401 Haec
499 2337 660 2407 sumamus,
674 2336 734 2397 haec
748 2337 934 2413 arripiamus,
951 2336 1011 2397 haec
1024 2358 1128 2414 appro-

412 2422 531 2481 bemus.
546 2463 555 2480 .
568 2462 577 2480 .
591 2461 600 2481 .
618 2417 752 2484 Deinde,
766 2413 874 2475 adebne
889 2414 1005 2484 faciles,
1019 2422 1045 2475 &
1066 2435 1129 2476 οπο·

379 2491 473 2561 'auli
498 2497 620 2567 sumus,
651 2513 711 2566 ut,
739 2518 800 2572 quae
825 2493 886 2553 sunt
918 2490 934 2552 ὲ
960 2493 1127 2572 quibussibet

413 2578 602 2656 scriptoribus
632 2577 778 2636 memoriae
809 2572 920 2651 prodita
944 2609 953 2641 ,
987 2571 1127 2650 literisque

412 2658 566 2727 mandata,
580 2677 633 2725 ea,
648 2672 787 2733 tanquam
803 2674 840 2713 ex
860 2650 1003 2729 Apollinis
1024 2672 1126 2712 oracu-

412 2736 445 2799 lo
460 2738 552 2806 edita,
564 2755 632 2799 vera
645 2732 699 2795 else
717 2723 892 2811 judiflmuss
906 2728 994 2808 Qubd
1011 2730 1030 2790 fi
1051 2731 1128 2791 mul·

412 2834 443 2877 ta
459 2815 584 2894 quotidie
595 2813 743 2883 sabulosa,
761 2812 955 2881 incredibilia,
982 2808 1051 2871 salsa
1079 2811 1128 2871 de-

412 2898 498 2975 nique
506 2896 649 2979 legimus,
662 2895 753 2960 velut
767 2890 878 2956 animos
888 2892 1065 2961 relaxemus,
1077 2891 1126 2955 vel

962 3011 982 3054 c
1003 3016 1019 3054 ι
