2984 3900
386 571 472 674 mm
667 575 885 648 VITA

390 718 453 760 non
461 691 562 775 pollet.
577 685 743 754 Aliifurore
754 691 947 772 percitum,in
955 711 1041 772 quem
1047 691 1112 758 ἰαὶ

297 841 299 844 ,
389 779 476 845 tilla,
492 775 548 838 sive
559 772 719 863 uxor,fi.ve
731 775 989 845 amica,amatorio
1000 772 1114 875 noculo

389 859 524 936 nonesto
538 895 549 926 ,
565 874 633 917 eum
646 853 808 943 imprudens
825 855 974 936 adegerat,
989 875 1055 914 cum
1073 856 1111 914 ab

393 957 431 998 eo
446 937 554 1004 amari,
569 954 629 994 non
645 952 672 992 ei
689 953 792 998 necem
801 935 924 1004 inferre,
938 951 988 996 aut
1002 935 1113 994 bonam

392 1036 522 1078 mentem
535 1014 678 1081 adimere,
688 1013 789 1075 uellet.

436 1174 581 1238 Librum
591 1171 608 1233 l
619 1173 915 1252 Lucretiesniptnum
926 1191 1066 1233 menet.

432 1334 583 1413 Quoniam
594 1350 691 1392 autem
702 1332 736 1394 de
750 1353 871 1394 numero
880 1328 1044 1393 librorumd
1053 1331 1115 1394 Lu-

393 1417 484 1476 eretio
495 1414 663 1491 scriptorum
676 1414 809 1473 nonnulli
820 1409 1001 1482 dubitirunt,
1023 1417 1051 1471 δι
1069 1414 1115 1473 le-

394 1491 511 1558 viffimis
526 1493 698 1575 argumentis
713 1492 840 1562 addudli',
851 1495 944 1570 plures
958 1487 1045 1570 quim
1061 1490 1112 1552 sex

394 1575 431 1634 ab
445 1594 482 1633 eo
496 1570 612 1650 scriptos
631 1569 685 1632 ell'e
702 1568 897 1632 existirniuunt
906 1611 924 1642 ,-
940 1572 1050 1633 videtur
1063 1570 1114 1633 hic

395 1673 475 1714 error
484 1649 667 1719 minuendus,
680 1669 763 1730 atque
777 1649 839 1712 lraec
851 1651 987 1712 dubitatio
1001 1651 1112 1714 tollen-

393 1733 441 1793 da.
457 1731 590 1792 Omnino
616 1731 702 1812 igitur
727 1729 775 1793 sex
798 1732 886 1793 libros
908 1733 1054 1794 dumtaxat
1073 1731 1118 1794 de.

392 1809 494 1874 natural
507 1830 601 1873 rerum
612 1809 716 1890 scripfit
725 1813 764 1874 T.
777 1811 922 1874 Lucretius
938 1811 1039 1873 Carus.
1051 1814 1113 1873 Cu-

392 1893 438 1974 jus
449 1891 490 1953 rei
507 1888 574 1955 clu-m
591 1889 642 1950 lint
659 1890 733 1953 milii
745 1891 794 1953 illa
812 1910 927 1971 quoque
943 1905 1114 1973 argumento

393 1993 458 2033 non
474 1971 619 2036 imbecilla
629 1994 642 2044 ς·
659 1971 807 2049 primilm,
823 1969 899 2049 quod
916 1969 1113 2032 Grammatici

393 2071 523 2123 veteres,
540 2051 644 2129 aliique
657 2050 822 2128 scriptores,
845 2047 959 2132 Festus„
972 2048 1110 2121 Nonius,

390 2132 549 2194 Diomedes
559 2171 569 2201 ,
578 2127 750 2198 Priscianus,
759 2128 884 2198 Probus,
897 2128 1034 2201 Carisius,
1042 2129 1111 2192 Do.-

395 2230 493 2280 natus,
506 2208 636 2279 Servius,
653 2208 862 2279 Tertullianus,
878 2210 1041 2279 Arnobins,
1052 2208 1111 2272 La·

394 2291 530 2358 stantius,
541 2289 652 2350 nullum
664 2288 787 2349 Lucretii
799 2287 904 2348 librum
916 2285 989 2348 ulnd
997 2286 1112 2352 l'extum

392 2384 634 2430 commemorant.
658 2367 795 2437 Deinde,
816 2365 891 2445 quod
904 2367 947 2428 his
964 2367 1011 2429 sex
1029 2368 1110 2431 libris

391 2448 459 2510 solis
468 2467 532 2510 tota
544 2447 658 2525 Epicuri
672 2449 743 2508 ratio
755 2486 765 2515 ,
781 2445 932 2516 sententia,
949 2468 984 2508 ae
1000 2447 1111 2509 dodini·

393 2550 456 2602 na,
477 2551 537 2609 quae
556 2527 670 2607 quidem
694 2528 729 2588 ad
746 2526 863 2587 N'aturae
884 2526 1110 2604 explicationem

392 2612 549 2689 pertineat,
566 2608 746 2678 continetur3
764 2626 856 2682 neque
877 2606 1030 2684 quidquam
1043 2621 1106 2669 'am

391 2688 481 2767 plids,
494 2687 570 2767 quod
584 2686 645 2763 quis
657 2685 691 2745 de
700 2682 737 2744 eal
747 2684 839 2746 dicere
850 2703 951 2765 queat,
964 2687 1111 2765 reliquum

392 2768 443 2831 est.
458 2768 499 2829 Et
507 2785 604 2828 tamen
619 2764 710 2825 multa·
722 2764 757 2824 de
774 2761 965 2843 continendi,
975 2767 1113 2845 &parci-

390 2845 489 2908 monid
501 2849 530 2909 in
541 2844 635 2914 vitiu,
653 2844 687 2905 de
703 2844 858 2908 honoribus
869 2846 1110 2916 contemnendis,

388 2928 423 2990 de
433 2924 560 2998 luxurii,
576 2925 732 2988 &mollitie
740 2922 907 3005 aspernanda
915 2926 1007 3000 ,nde
1017 2940 1108 3013 tete-,-
