2984 3900
410 570 468 635 ψ,
601 541 638 613 r.
667 525 983 614 cucnnrtr'
1056 563 1065 577 κ

407 648 1127 720 reorsnnnimutquertnimuucentumgeminae,

407 719 500 768 Totum
509 717 576 782 polle
587 735 655 770 extra
664 735 753 782 corpus
763 753 770 776 ,
781 722 935 796 formamque
944 719 1086 773 animalem·
1125 719 1127 725 ’

407 784 524 836 Putaibur
533 784 557 835 iri
566 787 645 851 glebis
653 801 772 837 tertarum
781 820 788 846 ,
798 801 841 837 aut
848 787 911 838 Solis
920 786 946 838 in
953 786 1023 854 igni,

407 853 465 905 Aut
471 851 497 901 in
505 852 566 919 aqui
573 854 674 914 durare,
684 869 726 903 aut
734 852 791 902 altis
798 853 894 903 aetheris
901 855 963 904 oric.

408 921 484 972 Haud
492 919 569 986 igitur
579 922 690 972 constant
698 919 785 971 divino
795 920 897 984 predita
904 925 989 982 sensu,

407 987 618 1058 Quandoquidem
626 1003 750 1056 nequeunt
758 987 870 1040 vitaliter
877 989 924 1040 else
932 989 1048 1045 animate.

445 1119 514 1171 lllud
523 1118 583 1171 item
592 1135 643 1171 non
652 1121 686 1172 est
694 1136 722 1172 ur
728 1117 803 1184 pollis
811 1121 925 1178 credere,
936 1121 1005 1173 sedet

411 1186 465 1237 effe
472 1187 650 1238 Dedmlanstas
658 1188 684 1238 in
692 1188 780 1240 Mundi
789 1188 897 1253 partibus
906 1186 973 1240 ullis.

412 1252 505 1315 Tenuis
514 1255 580 1306 enim
588 1270 672 1305 natura
679 1255 775 1313 Deirm,
785 1257 909 1323 longeque
918 1271 1015 1308 remora

411 1320 1016 1388 Sentibusinostris‚Animivixmencevidecutr

413 1390 477 1451 Qun
483 1389 600 1455 quoniam
608 1407 722 1441 manuum
731 1393 819 1442 tadum
825 1389 939 1456 suffugit,
949 1391 972 1441 ὃ(
981 1390 1071 1452 ictum,

414 1456 509 1507 Tactile
517 1458 554 1508 nil
561 1456 632 1508 nobis
642 1458 708 1525 quod
715 1458 759 1516 fit,
769 1456 914 1523 contingere
923 1457 1008 1510 debet·

414 1524 528 1590 Tangere
539 1524 604 1576 enirn
614 1525 739 1590 nunquit,
758 1525 824 1590 quod
833 1521 901 1590 tangi
911 1539 963 1574 non
972 1524 1035 1576 lieet
1042 1522 1132 1592 ipsum.

415 1591 501 1652 Quare
508 1589 583 1643 etiarn
591 1594 659 1644 seder
669 1607 766 1659 quoque
776 1589 865 1644 nolitia
872 1590 968 1642 sedibur
976 1590 1025 1644 effe

415 1657 552 1710 Ditiimilec
561 1661 666 1718 debent,
675 1675 761 1711 tenues
770 1660 801 1713 de
810 1674 917 1723 corpore
925 1674 1023 1714 eorum.

415 1727 478 1790 Qun
487 1726 534 1779 tibi
543 1726 663 1793 posterius
668 1727 742 1794 largo
750 1729 860 1782 sermone
867 1727 991 1792 probabo·

450 1881 542 1934 Dicere
549 1880 640 1947 porro,
650 1878 779 1932 hominum
788 1879 858 1933 causa
866 1881 970 1934 voluisse
979 1879 1067 1949 parare

415 1952 560 2003 Preclararn
568 1946 656 2000 Mundi
664 1964 789 2008 naturam,
795 1965 973 2018 proptereaque

416 2020 448 2073 ld
455 2017 579 2069 laudabile
588 2015 752 2081 opucDiviuu
760 2016 859 2068 laudare
867 2020 972 2079 decere,

417 2086 595 2151 Eternutnque
601 2100 700 2149 putare,
711 2100 782 2150 atque
789 2082 930 2137 immortale
938 2089 1046 2138 futurum
1055 2120 1066 2147 ,

417 2156 473 2204 Nec
482 2159 519 2204 fas
527 2152 587 2212 ess‘e,
598 2151 681 2207 Dedm
690 2152 758 2218 quod
765 2152 795 2202 fit
803 2152 1001 2205 rationevetusti

419 2221 543 2274 Gentibus
550 2220 661 2272 humanis
667 2220 793 2271 fundatum
803 2238 924 2286 perpetuo
934 2238 1004 2281 aevo,

417 2288 558 2343 Sollicitare
565 2288 614 2340 suic
622 2288 700 2340 ullum
708 2288 738 2337 de
748 2286 844 2338 sedibus
852 2306 969 2355 unquam,

417 2358 473 2407 Nec
483 2356 565 2406 verbis
573 2372 675 2416 vexare,
686 2359 709 2407 dt
719 2356 748 2408 ab
757 2355 807 2406 imo
818 2373 929 2408 evertere
938 2356 1075 2407 Summamr

419 2427 514 2478 Cetera
524 2425 554 2473 de
561 2440 650 2489 genere
658 2423 706 2473 hoc
715 2422 852 2489 adfingere,
865 2430 887 2476 dt
897 2425 1000 2481 addere,
1011 2420 1134 2484 Memmi,

417 2492 534 2554 Defipere
543 2491 585 2543 est.
597 2489 665 2553 Quid
675 2489 740 2540 enim
748 2492 947 2550 Immortalibus‚
957 2506 1028 2556 atque
1040 2490 1119 2543 bearis

419 2557 508 2611 Gratia
518 2559 599 2609 nostra
606 2572 678 2623 queat
686 2556 800 2623 largirier
807 2557 984 2616 emolumenti,

417 2632 452 2677 Ut
460 2625 540 2677 nostri
548 2625 678 2691 quidquam
686 2624 757 2676 causti
766 2642 851 2691 gerere
861 2624 1053 2693 adgrediamur?

418 2692 589 2757 Quidvenovi
597 2692 681 2756 potuit
689 2692 761 2743 tanti>
768 2693 823 2756 post
832 2696 887 2745 ante
895 2692 993 2759 quietos

417 2760 540 2820 inlicere,
551 2775 579 2811 ut
588 2774 706 2825 cuperent
714 2760 894 2822 vitammutatc
904 2759 1031 2825 priorem?

418 2832 485 2882 Nam
494 2830 601 2895 gaudere
608 2826 681 2879 novis
690 2828 761 2879 rebus
771 2828 860 2880 debere
870 2827 984 2885 videtur,

422 2896 469 2950 Cui
477 2913 573 2948 veteres
582 2894 845 2955 obsunt3sed‚cuinil
854 2891 1011 2960 acciditegri
1085 2957 1088 2964 1

420 2966 544 3031 Tempore
551 2965 578 3017 in
586 2966 710 3029 ancaeo,
721 2962 776 3019 oiim
783 2964 886 3033 pulchre
895 2965 997 3036 degeret
1004 2975 1109 3033 tm&
