2984 3900
400 597 456 651 ιω
599 532 938 651 urucnerrr

400 684 513 744 Gaudia,
524 682 644 736 sollicitat
651 682 755 748 spatium
765 685 895 736 decurrere
908 687 1012 743 amoris.

399 758 454 806 Nec
464 753 559 805 ratione
568 752 617 804 alia
624 752 755 810 volucres,
765 767 888 812 armenta,
899 756 1021 824 fereque,

400 827 433 875 Et
440 822 560 886 pecudes,
572 825 595 871 ἃ
603 834 667 884 eque
676 818 781 869 maribua
790 819 909 870 subsidere
918 823 1033 886 possent,

397 890 423 941 si
433 904 483 938 non
493 887 543 952 ipsa
555 888 622 952 quod
632 887 734 936 illorum
748 886 830 944 subet,
843 888 914 938 arder
923 890 1052 944 abundant

398 960 507 1013 Nausra,
517 959 541 1006 dc
548 957 669 1004 Venerem
680 951 807 1003 salientum
820 951 875 1003 leta
884 961 1009 1011 retrudat.

396 1027 487 1074 Nonne
495 1022 567 1074 videa
575 1021 663 1077 etiam,
674 1037 736 1085 quoa
745 1034 829 1070 mutua
836 1023 896 1086 sepe
904 1025 1025 1089 voluptas

397 1090 498 1148 vinxit,
512 1105 541 1151 ut
552 1087 579 1138 in
587 1085 678 1138 vinclis
686 1087 855 1138 communibus
868 1090 1062 1146 excrucientur!

396 1163 426 1212 ln
435 1157 517 1209 triviis
524 1173 575 1206 uon
583 1157 642 1219 sepe
656 1171 727 1204 canee
738 1153 861 1205 discedere
870 1172 971 1209 aventer

395 1225 498 1277 Divorfi
511 1221 600 1288 cupide
609 1221 707 1271 summis
719 1237 748 1272 ex
759 1221 977 1283 viribu'tendunt‚

397 1293 460 1355 Cium
474 1291 566 1342 interea
576 1288 666 1340 validis
673 1286 778 1339 Veneris
788 1290 947 1356 compagibus
954 1293 1063 1345 herent!

395 1361 473 1424 Quod
481 1363 588 1410 facerent
596 1354 782 1422 nunquammin
790 1371 873 1406 mutua
881 1359 970 1422 gaudia
982 1359 1096 1422 noss‘ent.

397 1431 457 1490 Quoe
466 1429 546 1478 lacere
554 1423 580 1474 in
587 1425 696 1474 fraudem
704 1421 815 1486 possent,
830 1422 971 1493 vinctosque
982 1443 1079 1481 tenere·

394 1496 478 1569 ¹Quare
484 1492 610 1559 etiamque
617 1490 676 1550 etii,
685 1505 713 1542 ut
720 1489 794 1550 dico,
804 1489 837 1541 est
844 1507 924 1542 comm
928 1492 979 1544 uni’
985 1497 1112 1563 voluptar·

427 1651 460 1699 Et
468 1643 650 1705 commiscendo
663 1642 717 1701 ciem
726 1647 807 1704 semen
813 1645 880 1707 fort}
888 1643 963 1698 virile

392 1715 496 1769 Femina
506 1711 651 1766 commulrit
659 1710 737 1762 subiti
748 1711 787 1770 vi,
799 1711 991 1779 conripuitques

392 1788 456 1834 Tum
465 1780 553 1833 fimiler
561 1795 667 1836 matrum
675 1795 786 1829 materno
793 1779 883 1832 semine
891 1778 970 1839 fiunt,

392 1855 425 1902 Ur
434 1848 543 1914 pariibua
552 1846 647 1911 patrio:
660 1847 702 1906 sed
711 1863 772 1911 quos
786 1847 908 1912 utriusque
916 1844 1001 1913 figure

391 1918 445 1971 Esse
454 1917 524 1969 videa
532 1914 617 1976 juxtim
622 1949 631 1975 ,
641 1912 771 1981 miscentes
782 1914 852 1971 volta
859 1928 988 1979 parentum

391 1990 505 2050 ,Corpore
515 1984 545 2032 de
553 1981 650 2047 patrio,
664 1985 688 2034 dc
699 1995 810 2032 materno
824 1980 938 2047 sauguine
947 1999 974 2034 cr
1001 1998 1078 2036 eunte

388 2052 485 2108 Semina
494 2050 548 2100 curn
554 2047 657 2101 Veneris
666 2049 770 2100 stimulis
778 2047 857 2099 excita
864 2064 909 2112 per
920 2052 994 2116 artur]

393 2119 476 2169 Obvia
490 2115 603 2168 conflixit
612 2115 752 2179 conspirans
760 2131 858 2166 mutuus
867 2116 956 2174 ardor,

390 2191 423 2237 Et
432 2200 508 2250 neque
518 2200 598 2234 utrum
608 2182 731 2247 superavit
739 2198 823 2233 eorum
834 2218 841 2240 ,
855 2198 900 2232 nec
909 2184 1047 2247 superatum
1054 2183 1097 2244 est,

389 2253 431 2308 Fit
440 2269 536 2317 quoque
545 2266 571 2300 ut
580 2249 703 2300 interdurn
715 2250 804 2300 similer
813 2248 1026 2307 existereevorum

390 2319 499 2375 Poss‘mt‘,
509 2323 532 2369 dr
541 2321 647 2380 referant
655 2333 806 2381 proavorum
816 2319 880 2380 soepe
887 2315 996 2383 figurae,

389 2389 524 2451 Propterea
540 2383 595 2450 quia
604 2385 682 2442 multa
691 2383 770 2433 modis
780 2381 916 2447 primordia
924 2382 1012 2444 multis

389 2454 460 2510 Mira
470 2456 512 2503 sno
521 2453 601 2502 celant
613 2451 638 2500 in
648 2466 753 2516 corpore
761 2453 819 2515 sepe
833 2464 962 2514 parentes,

389 2523 450 2583 Que
460 2518 567 2583 patribus
578 2534 658 2581 patrer
666 2519 767 2567 tradunt
776 2518 789 2567 i
797 2516 869 2581 stirpe
877 2520 997 2580 profecta.

387 2583 924 2649 IndeVenusvarisrproducitsortefiguraa3

389 2657 557 2717 Maiorumque
567 2655 642 2701 refert
651 2652 751 2709 voltus,
764 2653 900 2715 vocesque,
911 2651 1057 2717 comesquee

389 2719 594 2785 Quandoquidem
604 2717 683 2768 nihilo
692 2718 770 2767 minus
782 2719 833 2768 haee
842 2716 971 2768 desemine
980 2734 1052 2769 certo

388 2791 478 2848 Fiunt,
490 2788 560 2854 quim
568 2784 656 2841 facies,
665 2788 689 2834 dc
697 2802 816 2849 corpora,
826 2785 982 2850 membraque
990 2783 1075 2838 nobie.

388 2861 421 2916 Er
433 2855 551 2906 muliebre
560 2852 639 2913 oritur
647 2851 728 2914 patrio
737 2852 768 2902 de
779 2850 990 2913 semineseclumr

388 2926 550 2987 Maternoque
558 2936 635 2970 mater
644 2918 756 2969 erfistunt
767 2934 873 2982 corpore
886 2917 958 2969 creti.

388 2989 557 3066 §emperenun
566 3002 650 3057 partera
659 2984 756 3064 duplici
765 2986 796 3039 de
806 2983 898 3042 semiue
911 2984 1030 3113 constet}x

1032 3066 1102 3119 tque,
