2984 3900
505 542 910 641 LIBRISEXTI.
999 589 1071 652 217

408 688 534 764 Statuit
546 687 649 784 igitur
663 684 761 753 Terra
772 702 894 751 motum
911 678 985 755 fieri
993 734 1004 767 ,
1018 682 1076 758 vel

357 812 401 864 ex
422 784 530 885 glebis
547 807 644 856 terrae
664 779 836 879 deruptis,
859 804 934 879 quae
952 778 1077 854 caden-

357 909 412 959 tes
437 882 578 956 Terram
607 903 751 952 tremere
778 874 931 965 faciunt}
951 878 1007 952 vel
1032 900 1077 955 ex

359 983 539 1081 Aquarum
552 976 783 1059 titubatione,
806 975 929 1073 quibus
949 975 1099 1056 innatat·
1119 1000 1126 1007 ·

358 1078 466 1152 Terra
478 1100 491 1164 3
518 1074 575 1149 vel
590 1098 641 1148 -er
664 1070 814 1157 ventu,
846 1096 992 1175 quorum
1020 1096 1093 1171 aut,

358 1178 501 1249 horrore
508 1168 615 1247 Terra
626 1169 852 1253 concutiatur,
860 1191 919 1242 aut
928 1166 1079 1248 succursu

362 1290 485 1345 tremat
495 1319 507 1354 ,
520 1289 580 1343 aut
593 1265 732 1366 impulsa
745 1266 824 1339 binc
845 1263 924 1340 inde
941 1262 1081 1343 feratur.

363 1364 595 1457 Qubdautern
608 1370 710 1435 Mare
732 1386 802 1435 non
821 1364 928 1462 majus
941 1360 1023 1451 fiat,
1046 1364 1084 1442 id

364 1461 489 1549 refert,
504 1483 563 1535 aut
583 1462 617 1533 in
636 1459 723 1533 illius
740 1457 927 1534 vastitatem
940 1462 1083 1537 immen-

363 1559 456 1646 sam,
478 1582 537 1633 aut
550 1559 584 1632 in
599 1556 688 1632 Solis
699 1556 855 1631 ardorem
867 1560 1083 1657 aquasensrc-

362 1681 523 1740 cantem,
551 1678 610 1731 aut
631 1653 666 1727 iti
688 1677 870 1756 ventorum
892 1655 960 1730 vim
982 1682 1083 1759 aquas

364 1755 588 1837 verrentium,
602 1776 661 1826 aut
681 1752 716 1823 in
729 1752 836 1827 nubes
856 1751 998 1827 multum
1022 1754 1085 1826 hu·

364 1876 499 1925 morum
512 1850 737 1934 attrahentes,
753 1850 859 1923 autin
871 1871 969 1923 terrae
983 1850 1083 1949 ipfius

365 1948 560 2026 ficcitatem.
672 1958 675 1964 '

421 2043 493 2118 VI.
525 2043 581 2115 De
608 2041 723 2114 AEtnae
754 2041 885 2141 ignibus
907 2069 1083 2142 quaerens,

368 2168 487 2215 eorum
498 2136 610 2212 causas
621 2135 788 2223 refundit,
812 2140 913 2213 autin
925 2144 989 2214 vim
1005 2169 1085 2219 ven·

369 2241 417 2322 ti,
430 2260 487 2310 aut
500 2238 535 2308 in
551 2234 656 2330 Maris
672 2233 808 2320 aestum,
830 2237 888 2336 qui
901 2235 1014 2311 subter
1035 2242 1085 2314 in·
1108 2310 1112 2319 ,

371 2357 497 2407 trantes
507 2384 519 2419 ,
540 2331 662 2408 semina
684 2330 891 2405 flammarum
903 2334 949 2406 ibi
962 2334 1085 2410 collec·

372 2453 483 2526 tarum
494 2454 555 2527 per
568 2449 698 2525 apertas
711 2426 823 2502 fauces
836 2426 960 2501 sursum
975 2454 1086 2509 extru-

369 2524 467 2601 dant.
490 2527 609 2595 Nilum
630 2526 753 2618 pariter
776 2524 885 2599 aestate
905 2524 1088 2605 increscere

372 2626 436 2703 ait,
459 2620 514 2699 vel
534 2646 576 2694 ex
591 2618 754 2692 concursu
776 2621 960 2699 Etesraruru
982 2623 1085 2712 hinc,

372 2723 411 2791 δι
427 2716 504 2788 inde
524 2717 759 2813 Aquilonum
786 2717 897 2791 velex
916 2744 1087 2797 arenarum

375 2811 518 2886 cumulis
545 2812 586 2883 ab
613 2811 690 2884 aestu
716 2813 819 2885 Maris
851 2814 893 2887 ad
916 2814 995 2895 ostia
1015 2819 1088 2892 Nili

374 2905 565 3007 congestis,
590 2906 645 2986 vel
669 2935 712 2985 ex
732 2909 855 3011 pluviis
878 2934 957 3082 autT
956 2915 1088 3007 nivibus
