2984 3900
463 567 812 642 zenonem
837 567 984 643 C'A'Rl.
1050 567 1113 651 xix

387 685 432 750 ris
449 709 545 752 rerum
570 690 607 752 ad
628 686 844 769 Philosophiam
861 689 1005 753 moralem
1023 690 1117 772 perti·¹

391 771 523 833 uentibus
532 770 681 834 accedunt.

619 925 771 1009 &filim
783 927 878 989 Po‘e'u.

433 1088 594 1152 confilium
623 1086 744 1165 denique
776 1087 901 1151 Lucretii
927 1087 990 1158 est,
1017 1087 1108 1152 animi

390 1169 653 1248 tranquillitatem,
684 1173 712 1226 &
742 1169 856 1238 ἀταξίαν
883 1169 990 1237 illam,
1020 1191 1106 1247 quam

390 1246 492 1311 crebro
515 1248 636 1310 habebat
662 1245 693 1306 in
722 1267 773 1308 ore
793 1246 952 1325 Epicurus,
978 1243 1107 1309 homini·

392 1328 446 1389 bus
472 1327 582 1391 afferre.
609 1323 760 1404 Quoniam
783 1348 879 1388 autem
905 1328 965 1389 due
985 1346 1029 1388 rer
1051 1329 1108 1389 im·

391 1406 492 1484 primis
518 1406 651 1468 homines
667 1404 841 1477 sollicitant,
862 1413 890 1466 &
914 1409 1106 1481 conturbant,

390 1503 425 1546 ut
450 1486 500 1547 ille
522 1486 660 1566 putabat,
683 1485 826 1568 Religio,
853 1486 911 1547 hoc
934 1484 996 1556 est,
1020 1489 1107 1550 timor

389 1564 527 1628 Deorum
553 1565 669 1636 inanit,
695 1565 816 1644 vitaeque
842 1568 930 1628 beatae
952 1564 1103 1638 inimicus,

390 1662 478 1722 atque
502 1643 637 1718 infestum
663 1649 690 1703 &
713 1663 807 1706 menn
823 1645 949 1708 mortisz
972 1644 1016 1704 his
1034 1645 1105 1708 duo·

389 1725 443 1784 bus
457 1724 621 1785 animorum
638 1723 713 1801 quafi
769 1723 854 1787 stibus
870 1731 897 1786 δι
916 1726 1045 1787 crucibus
1055 1734 1105 1787 ct>-

389 1822 476 1865 natur
485 1823 536 1865 eos
548 1804 690 1872 liberare,
707 1745 878 1865 olindendo
888 1801 1030 1884 primlm,
1040 1807 1104 1866 nul-

388 1882 451 1943 lam
469 1879 524 1944 effe
534 1883 667 1943 Deorum
679 1882 905 1961 providentiam,
922 1884 1022 1944 deinde
1039 1886 1104 1944 nul-

383 1964 454 2025 lum
469 1960 578 2025 sensum
597 1960 660 2040 post
678 1962 930 2026 vitam-remanere
944 2004 956 2035 „
977 1962 1103 2025 animos-

428 2063 446 2104 e
459 2038 515 2105 esse
531 2043 677 2104 mortales.
703 2040 815 2119 Quibus
832 2043 1016 2106 vehementer
1030 2063 1104 2105 errat

387 2122 544 2262 spientur,
560 2128 587 2182 &
602 2141 658 2183 nos
673 2119 831 2183 Christiani·
842 2126 877 2185 ab
893 2144 932 2186 eo
952 2121 1035 2194 valde
1050 2123 1102 2187 dit

399 2222 535 2265 emimus·

429 2356 580 2438 Quoniam
607 2356 694 2441 igitur
719 2374 851 2421 neutrum
882 2358 986 2423 horum
1016 2359 1100 2424 facile

389 2437 523 2518 expedire
545 2454 657 2517 poterat
677 2438 846 2510 Lucretius,
868 2439 918 2499 nifi
937 2439 1035 2504 naturi
1057 2462 1102 2503 re-
1127 2507 1133 2516 ,

387 2540 456 2581 tum
472 2513 632 2598 perspecta,
653 2524 681 2577 &
699 2516 837 2611 cognitl,
850 2538 967 2581 omnem
984 2541 1102 2598 operam

387 2597 470 2661 suam
480 2598 510 2658 in
520 2593 687 2677 explioendl
699 2617 809 2658 fanone
822 2596 937 2657 Naturae
946 2602 1037 2677 ponit.
1046 2602 1103 2661 lta-

388 2698 448 2758 que
472 2677 558 2739 docet
580 2675 721 2738 Mundum
743 2676 800 2737 fine
818 2676 934 2739 confilio
950 2679 1101 2751 Deorum,

387 2760 568 2819 Atomorum
593 2754 729 2816 concursu
751 2755 888 2826 fortuito,
905 2755 959 2819 else
974 2758 1106 2834 faetumr

386 2843 416 2896 &
430 2835 555 2897 Mundos
569 2830 623 2894 else
637 2834 876 2906 innumerabiles,
897 2838 999 2898 eodem
1013 2839 1102 2901 modo

385 2931 528 2988 creatos,
539 2910 641 2992 eosque
663 2934 766 2978 omnes
786 2913 1101 2984 elleinterituroa-t'l'e

953 3031 1011 3094 tm
